<?xml version='1.0' encoding='utf-8'?>
<record xmlns="http://www.loc.gov/MARC21/slim" xmlns:xsi="http://www.w3.org/2001/XMLSchema-instance">
  <leader>^^^^^nas^a22002897a^4500</leader>
  <controlfield tag="001">003835539</controlfield>
  <controlfield tag="005">20030414000000.0</controlfield>
  <controlfield tag="008">030414c199u9999miuwr1p^^^^^^^0^^^a0eng^d</controlfield>
  <datafield tag="010" ind1=" " ind2=" ">
    <subfield code="a">00212431</subfield>
  </datafield>
  <datafield tag="022" ind1="1" ind2=" ">
    <subfield code="a">1531-1759</subfield>
  </datafield>
  <datafield tag="035" ind1=" " ind2=" ">
    <subfield code="a">(OCoLC)ocm44698770</subfield>
  </datafield>
  <datafield tag="037" ind1=" " ind2=" ">
    <subfield code="b">A. Raheman Nakadar, 20331 Farmington, Livonia, MI 48152</subfield>
  </datafield>
  <datafield tag="040" ind1=" " ind2=" ">
    <subfield code="a">NSD</subfield>
    <subfield code="c">NSD</subfield>
    <subfield code="d">BEU</subfield>
  </datafield>
  <datafield tag="042" ind1=" " ind2=" ">
    <subfield code="a">nsdp</subfield>
    <subfield code="a">lcd</subfield>
  </datafield>
  <datafield tag="222" ind1=" " ind2="4">
    <subfield code="a">The Muslim observer</subfield>
  </datafield>
  <datafield tag="245" ind1="0" ind2="4">
    <subfield code="a">The Muslim observer.</subfield>
  </datafield>
  <datafield tag="260" ind1=" " ind2=" ">
    <subfield code="a">Livonia, MI :</subfield>
    <subfield code="b">A. Raheman Nakadar,</subfield>
  </datafield>
  <datafield tag="300" ind1=" " ind2=" ">
    <subfield code="a">v. :</subfield>
    <subfield code="b">ill. (some col.) ;</subfield>
    <subfield code="c">38 cm.</subfield>
  </datafield>
  <datafield tag="310" ind1=" " ind2=" ">
    <subfield code="a">Weekly</subfield>
  </datafield>
  <datafield tag="500" ind1=" " ind2=" ">
    <subfield code="a">Description based on surrogate of: Vol. 1, issue 36 (Sept. 17-23, 1999).</subfield>
  </datafield>
  <datafield tag="650" ind1=" " ind2="0">
    <subfield code="a">Arab Americans</subfield>
    <subfield code="z">Michigan</subfield>
    <subfield code="v">Newspapers.</subfield>
  </datafield>
  <datafield tag="651" ind1=" " ind2="0">
    <subfield code="a">Livonia (Mich.)</subfield>
    <subfield code="v">Newspapers.</subfield>
  </datafield>
  <datafield tag="752" ind1=" " ind2=" ">
    <subfield code="a">United States</subfield>
    <subfield code="b">Michigan</subfield>
    <subfield code="c">Wayne</subfield>
    <subfield code="d">Livonia.</subfield>
  </datafield>
  <datafield tag="700" ind1="1" ind2=" ">
    <subfield code="a">Nakadar, A. Raheman.</subfield>
  </datafield>
  <datafield tag="852" ind1="8" ind2=" ">
    <subfield code="a">MiU-H</subfield>
    <subfield code="b">BENT</subfield>
    <subfield code="h">0368 Aa 2</subfield>
  </datafield>
  <datafield tag="998" ind1=" " ind2=" ">
    <subfield code="c">LAC</subfield>
  </datafield>
  <datafield tag="955" ind1=" " ind2=" ">
    <subfield code="b">BENT</subfield>
    <subfield code="p">3835539-10000</subfield>
    <subfield code="z">v.18:no.52(2016:Dec. 16)</subfield>
  </datafield>
  <datafield tag="955" ind1=" " ind2=" ">
    <subfield code="b">BENT</subfield>
    <subfield code="p">3835539-1060</subfield>
    <subfield code="z">v.7:no.53(2005:Dec. 30)</subfield>
  </datafield>
  <datafield tag="955" ind1=" " ind2=" ">
    <subfield code="b">BENT</subfield>
    <subfield code="p">3835539-1590</subfield>
    <subfield code="z">v.8:no.1(2005:Dec. 30)</subfield>
  </datafield>
  <datafield tag="955" ind1=" " ind2=" ">
    <subfield code="b">BENT</subfield>
    <subfield code="p">3835539-1600</subfield>
    <subfield code="z">v.8:no.2(2006:Jan. 06)</subfield>
  </datafield>
  <datafield tag="955" ind1=" " ind2=" ">
    <subfield code="b">BENT</subfield>
    <subfield code="p">3835539-1610</subfield>
    <subfield code="z">v.8:no.3(2006:Jan. 13)</subfield>
  </datafield>
  <datafield tag="955" ind1=" " ind2=" ">
    <subfield code="b">BENT</subfield>
    <subfield code="p">3835539-1620</subfield>
    <subfield code="z">v.8:no.4(2006:Jan. 20)</subfield>
  </datafield>
  <datafield tag="955" ind1=" " ind2=" ">
    <subfield code="b">BENT</subfield>
    <subfield code="p">3835539-1630</subfield>
    <subfield code="z">v.8:no.5(2006:Jan. 27)</subfield>
  </datafield>
  <datafield tag="955" ind1=" " ind2=" ">
    <subfield code="b">BENT</subfield>
    <subfield code="p">3835539-1640</subfield>
    <subfield code="z">v.8:no.6(2006:Feb. 03)</subfield>
  </datafield>
  <datafield tag="955" ind1=" " ind2=" ">
    <subfield code="b">BENT</subfield>
    <subfield code="p">3835539-1650</subfield>
    <subfield code="z">v.8:no.7(2006:Feb. 10)</subfield>
  </datafield>
  <datafield tag="955" ind1=" " ind2=" ">
    <subfield code="b">BENT</subfield>
    <subfield code="p">3835539-1660</subfield>
    <subfield code="z">v.8:no.8(2006:Feb. 17)</subfield>
  </datafield>
  <datafield tag="955" ind1=" " ind2=" ">
    <subfield code="b">BENT</subfield>
    <subfield code="p">3835539-1670</subfield>
    <subfield code="z">v.8:no.9(2006:Feb. 24)</subfield>
  </datafield>
  <datafield tag="955" ind1=" " ind2=" ">
    <subfield code="b">BENT</subfield>
    <subfield code="p">3835539-1680</subfield>
    <subfield code="z">v.8:no.10(2006:Mar. 03)</subfield>
  </datafield>
  <datafield tag="955" ind1=" " ind2=" ">
    <subfield code="b">BENT</subfield>
    <subfield code="p">3835539-1690</subfield>
    <subfield code="z">v.8:no.11(2006:Mar. 10)</subfield>
  </datafield>
  <datafield tag="955" ind1=" " ind2=" ">
    <subfield code="b">BENT</subfield>
    <subfield code="p">3835539-1700</subfield>
    <subfield code="z">v.8:no.12(2006:Mar. 17)</subfield>
  </datafield>
  <datafield tag="955" ind1=" " ind2=" ">
    <subfield code="b">BENT</subfield>
    <subfield code="p">3835539-1710</subfield>
    <subfield code="z">v.8:no.13(2006:Mar. 24)</subfield>
  </datafield>
  <datafield tag="955" ind1=" " ind2=" ">
    <subfield code="b">BENT</subfield>
    <subfield code="p">3835539-1720</subfield>
    <subfield code="z">v.8:no.14(2006:Mar. 31)</subfield>
  </datafield>
  <datafield tag="955" ind1=" " ind2=" ">
    <subfield code="b">BENT</subfield>
    <subfield code="p">3835539-1730</subfield>
    <subfield code="z">v.8:no.15(2006:April 07)</subfield>
  </datafield>
  <datafield tag="955" ind1=" " ind2=" ">
    <subfield code="b">BENT</subfield>
    <subfield code="p">3835539-1740</subfield>
    <subfield code="z">v.8:no.16(2006:April 14)</subfield>
  </datafield>
  <datafield tag="955" ind1=" " ind2=" ">
    <subfield code="b">BENT</subfield>
    <subfield code="p">3835539-1750</subfield>
    <subfield code="z">v.8:no.17(2006:April 21)</subfield>
  </datafield>
  <datafield tag="955" ind1=" " ind2=" ">
    <subfield code="b">BENT</subfield>
    <subfield code="p">3835539-1760</subfield>
    <subfield code="z">v.8:no.18(2006:April 28)</subfield>
  </datafield>
  <datafield tag="955" ind1=" " ind2=" ">
    <subfield code="b">BENT</subfield>
    <subfield code="p">3835539-1770</subfield>
    <subfield code="z">v.8:no.19(2006:May 05)</subfield>
  </datafield>
  <datafield tag="955" ind1=" " ind2=" ">
    <subfield code="b">BENT</subfield>
    <subfield code="p">3835539-1780</subfield>
    <subfield code="z">v.8:no.20(2006:May 12)</subfield>
  </datafield>
  <datafield tag="955" ind1=" " ind2=" ">
    <subfield code="b">BENT</subfield>
    <subfield code="p">3835539-1790</subfield>
    <subfield code="z">v.8:no.21(2006:May 19)</subfield>
  </datafield>
  <datafield tag="955" ind1=" " ind2=" ">
    <subfield code="b">BENT</subfield>
    <subfield code="p">3835539-1800</subfield>
    <subfield code="z">v.8:no.22(2006:May 26)</subfield>
  </datafield>
  <datafield tag="955" ind1=" " ind2=" ">
    <subfield code="b">BENT</subfield>
    <subfield code="p">3835539-1810</subfield>
    <subfield code="z">v.8:no.23(2006:Jun. 02)</subfield>
  </datafield>
  <datafield tag="955" ind1=" " ind2=" ">
    <subfield code="b">BENT</subfield>
    <subfield code="p">3835539-1820</subfield>
    <subfield code="z">v.8:no.24(2006:Jun. 09)</subfield>
  </datafield>
  <datafield tag="955" ind1=" " ind2=" ">
    <subfield code="b">BENT</subfield>
    <subfield code="p">3835539-1830</subfield>
    <subfield code="z">v.8:no.25(2006:Jun. 16)</subfield>
  </datafield>
  <datafield tag="955" ind1=" " ind2=" ">
    <subfield code="b">BENT</subfield>
    <subfield code="p">3835539-1840</subfield>
    <subfield code="z">v.8:no.26(2006:Jun. 23)</subfield>
  </datafield>
  <datafield tag="955" ind1=" " ind2=" ">
    <subfield code="b">BENT</subfield>
    <subfield code="p">3835539-1850</subfield>
    <subfield code="z">v.8:no.27(2006:Jun. 30)</subfield>
  </datafield>
  <datafield tag="955" ind1=" " ind2=" ">
    <subfield code="b">BENT</subfield>
    <subfield code="p">3835539-1860</subfield>
    <subfield code="z">v.8:no.28(2006:Jul. 07)</subfield>
  </datafield>
  <datafield tag="955" ind1=" " ind2=" ">
    <subfield code="b">BENT</subfield>
    <subfield code="p">3835539-1870</subfield>
    <subfield code="z">v.8:no.29(2006:Jul. 14)</subfield>
  </datafield>
  <datafield tag="955" ind1=" " ind2=" ">
    <subfield code="b">BENT</subfield>
    <subfield code="p">3835539-1880</subfield>
    <subfield code="z">v.8:no.30(2006:Jul. 21)</subfield>
  </datafield>
  <datafield tag="955" ind1=" " ind2=" ">
    <subfield code="b">BENT</subfield>
    <subfield code="p">3835539-1890</subfield>
    <subfield code="z">v.8:no.31(2006:Jul. 27)</subfield>
  </datafield>
  <datafield tag="955" ind1=" " ind2=" ">
    <subfield code="b">BENT</subfield>
    <subfield code="p">3835539-1900</subfield>
    <subfield code="z">v.8:no.32(2006:Aug. 03)</subfield>
  </datafield>
  <datafield tag="955" ind1=" " ind2=" ">
    <subfield code="b">BENT</subfield>
    <subfield code="p">3835539-1910</subfield>
    <subfield code="z">v.8:no.33(2006:Aug. 3)</subfield>
  </datafield>
  <datafield tag="955" ind1=" " ind2=" ">
    <subfield code="b">BENT</subfield>
    <subfield code="p">3835539-1920</subfield>
    <subfield code="z">v.8:no.34(2006:Aug. 17)</subfield>
  </datafield>
  <datafield tag="955" ind1=" " ind2=" ">
    <subfield code="b">BENT</subfield>
    <subfield code="p">3835539-1930</subfield>
    <subfield code="z">v.8:no.35(2006:Aug. 24)</subfield>
  </datafield>
  <datafield tag="955" ind1=" " ind2=" ">
    <subfield code="b">BENT</subfield>
    <subfield code="p">3835539-1940</subfield>
    <subfield code="z">v.8:no.36(2006:Aug. 31)</subfield>
  </datafield>
  <datafield tag="955" ind1=" " ind2=" ">
    <subfield code="b">BENT</subfield>
    <subfield code="p">3835539-1950</subfield>
    <subfield code="z">v.8:no.37(2006:Sep. 07)</subfield>
  </datafield>
  <datafield tag="955" ind1=" " ind2=" ">
    <subfield code="b">BENT</subfield>
    <subfield code="p">3835539-1960</subfield>
    <subfield code="z">v.8:no.38(2006:Sep. 14)</subfield>
  </datafield>
  <datafield tag="955" ind1=" " ind2=" ">
    <subfield code="b">BENT</subfield>
    <subfield code="p">3835539-1970</subfield>
    <subfield code="z">v.8:no.39(2006:Sep. 21)</subfield>
  </datafield>
  <datafield tag="955" ind1=" " ind2=" ">
    <subfield code="b">BENT</subfield>
    <subfield code="p">3835539-1980</subfield>
    <subfield code="z">v.8:no.40(2006:Sep. 28)</subfield>
  </datafield>
  <datafield tag="955" ind1=" " ind2=" ">
    <subfield code="b">BENT</subfield>
    <subfield code="p">3835539-1990</subfield>
    <subfield code="z">v.8:no.41(2006:Oct. 05)</subfield>
  </datafield>
  <datafield tag="955" ind1=" " ind2=" ">
    <subfield code="b">BENT</subfield>
    <subfield code="p">3835539-2000</subfield>
    <subfield code="z">v.8:no.42(2006:Oct. 12)</subfield>
  </datafield>
  <datafield tag="955" ind1=" " ind2=" ">
    <subfield code="b">BENT</subfield>
    <subfield code="p">3835539-2010</subfield>
    <subfield code="z">v.8:no.43(2006:Oct. 19)</subfield>
  </datafield>
  <datafield tag="955" ind1=" " ind2=" ">
    <subfield code="b">BENT</subfield>
    <subfield code="p">3835539-2020</subfield>
    <subfield code="z">v.8:no.44(2006:Oct. 26)</subfield>
  </datafield>
  <datafield tag="955" ind1=" " ind2=" ">
    <subfield code="b">BENT</subfield>
    <subfield code="p">3835539-2030</subfield>
    <subfield code="z">v.8:no.45(2006:Nov. 02)</subfield>
  </datafield>
  <datafield tag="955" ind1=" " ind2=" ">
    <subfield code="b">BENT</subfield>
    <subfield code="p">3835539-2040</subfield>
    <subfield code="z">v.8:no.46(2006:Nov. 9)</subfield>
  </datafield>
  <datafield tag="955" ind1=" " ind2=" ">
    <subfield code="b">BENT</subfield>
    <subfield code="p">3835539-2050</subfield>
    <subfield code="z">v.8:no.47(2006:Nov. 16)</subfield>
  </datafield>
  <datafield tag="955" ind1=" " ind2=" ">
    <subfield code="b">BENT</subfield>
    <subfield code="p">3835539-2060</subfield>
    <subfield code="z">v.8:no.48(2006:Nov. 23)</subfield>
  </datafield>
  <datafield tag="955" ind1=" " ind2=" ">
    <subfield code="b">BENT</subfield>
    <subfield code="p">3835539-2070</subfield>
    <subfield code="z">v.8:no.49(2006:Nov. 30)</subfield>
  </datafield>
  <datafield tag="955" ind1=" " ind2=" ">
    <subfield code="b">BENT</subfield>
    <subfield code="p">3835539-2080</subfield>
    <subfield code="z">v.8:no.50(2006:Dec. 07)</subfield>
  </datafield>
  <datafield tag="955" ind1=" " ind2=" ">
    <subfield code="b">BENT</subfield>
    <subfield code="p">3835539-2090</subfield>
    <subfield code="z">v.8:no.51(2006:Dec. 15)</subfield>
  </datafield>
  <datafield tag="955" ind1=" " ind2=" ">
    <subfield code="b">BENT</subfield>
    <subfield code="p">3835539-2100</subfield>
    <subfield code="z">v.8:no.52(2006:Dec. 22)</subfield>
  </datafield>
  <datafield tag="955" ind1=" " ind2=" ">
    <subfield code="b">BENT</subfield>
    <subfield code="p">3835539-2130</subfield>
    <subfield code="z">v.9:no.1(2006:Dec. 28)</subfield>
  </datafield>
  <datafield tag="955" ind1=" " ind2=" ">
    <subfield code="b">BENT</subfield>
    <subfield code="p">3835539-2140</subfield>
    <subfield code="z">v.9:no.2(2007:Jan. 04)</subfield>
  </datafield>
  <datafield tag="955" ind1=" " ind2=" ">
    <subfield code="b">BENT</subfield>
    <subfield code="p">3835539-2150</subfield>
    <subfield code="z">v.9:no.3(2007:Jan. 11)</subfield>
  </datafield>
  <datafield tag="955" ind1=" " ind2=" ">
    <subfield code="b">BENT</subfield>
    <subfield code="p">3835539-2160</subfield>
    <subfield code="z">v.9:no.4(2007:Jan. 18)</subfield>
  </datafield>
  <datafield tag="955" ind1=" " ind2=" ">
    <subfield code="b">BENT</subfield>
    <subfield code="p">3835539-2170</subfield>
    <subfield code="z">v.9:no.5(2007:Jan. 25)</subfield>
  </datafield>
  <datafield tag="955" ind1=" " ind2=" ">
    <subfield code="b">BENT</subfield>
    <subfield code="p">3835539-2180</subfield>
    <subfield code="z">v.9:no.6(2007:Feb. 01)</subfield>
  </datafield>
  <datafield tag="955" ind1=" " ind2=" ">
    <subfield code="b">BENT</subfield>
    <subfield code="p">3835539-2190</subfield>
    <subfield code="z">v.9:no.7(2007:Feb. 08)</subfield>
  </datafield>
  <datafield tag="955" ind1=" " ind2=" ">
    <subfield code="b">BENT</subfield>
    <subfield code="p">3835539-2200</subfield>
    <subfield code="z">v.9:no.8(2007:Feb. 15)</subfield>
  </datafield>
  <datafield tag="955" ind1=" " ind2=" ">
    <subfield code="b">BENT</subfield>
    <subfield code="p">3835539-2210</subfield>
    <subfield code="z">v.9:no.9(2007:Feb. 22)</subfield>
  </datafield>
  <datafield tag="955" ind1=" " ind2=" ">
    <subfield code="b">BENT</subfield>
    <subfield code="p">3835539-2220</subfield>
    <subfield code="z">v.9:no.10(2007:Mar. 01)</subfield>
  </datafield>
  <datafield tag="955" ind1=" " ind2=" ">
    <subfield code="b">BENT</subfield>
    <subfield code="p">3835539-2230</subfield>
    <subfield code="z">v.9:no.11(2007:Mar. 08)</subfield>
  </datafield>
  <datafield tag="955" ind1=" " ind2=" ">
    <subfield code="b">BENT</subfield>
    <subfield code="p">3835539-2240</subfield>
    <subfield code="z">v.9:no.12(2007:Mar. 15)</subfield>
  </datafield>
  <datafield tag="955" ind1=" " ind2=" ">
    <subfield code="b">BENT</subfield>
    <subfield code="p">3835539-2250</subfield>
    <subfield code="z">v.9:no.13(2007:Mar. 22)</subfield>
  </datafield>
  <datafield tag="955" ind1=" " ind2=" ">
    <subfield code="b">BENT</subfield>
    <subfield code="p">3835539-2260</subfield>
    <subfield code="z">v.9:no.14(2007:Mar. 29)</subfield>
  </datafield>
  <datafield tag="955" ind1=" " ind2=" ">
    <subfield code="b">BENT</subfield>
    <subfield code="p">3835539-2270</subfield>
    <subfield code="z">v.9:no.15(2007:April 05)</subfield>
  </datafield>
  <datafield tag="955" ind1=" " ind2=" ">
    <subfield code="b">BENT</subfield>
    <subfield code="p">3835539-2280</subfield>
    <subfield code="z">v.9:no.16(2007:April 12)</subfield>
  </datafield>
  <datafield tag="955" ind1=" " ind2=" ">
    <subfield code="b">BENT</subfield>
    <subfield code="p">3835539-2290</subfield>
    <subfield code="z">v.9:no.17(2007:April 19)</subfield>
  </datafield>
  <datafield tag="955" ind1=" " ind2=" ">
    <subfield code="b">BENT</subfield>
    <subfield code="p">3835539-2300</subfield>
    <subfield code="z">v.9:no.18(2007:April 26)</subfield>
  </datafield>
  <datafield tag="955" ind1=" " ind2=" ">
    <subfield code="b">BENT</subfield>
    <subfield code="p">3835539-2310</subfield>
    <subfield code="z">v.9:no.19(2007:May 03)</subfield>
  </datafield>
  <datafield tag="955" ind1=" " ind2=" ">
    <subfield code="b">BENT</subfield>
    <subfield code="p">3835539-2320</subfield>
    <subfield code="z">v.9:no.20(2007:May 10)</subfield>
  </datafield>
  <datafield tag="955" ind1=" " ind2=" ">
    <subfield code="b">BENT</subfield>
    <subfield code="p">3835539-2330</subfield>
    <subfield code="z">v.9:no.21(2007:May 17)</subfield>
  </datafield>
  <datafield tag="955" ind1=" " ind2=" ">
    <subfield code="b">BENT</subfield>
    <subfield code="p">3835539-2340</subfield>
    <subfield code="z">v.9:no.22(2007:May 24)</subfield>
  </datafield>
  <datafield tag="955" ind1=" " ind2=" ">
    <subfield code="b">BENT</subfield>
    <subfield code="p">3835539-2350</subfield>
    <subfield code="z">v.9:no.23(2007:May 31)</subfield>
  </datafield>
  <datafield tag="955" ind1=" " ind2=" ">
    <subfield code="b">BENT</subfield>
    <subfield code="p">3835539-2360</subfield>
    <subfield code="z">v.9:no.24(2007:Jun. 07)</subfield>
  </datafield>
  <datafield tag="955" ind1=" " ind2=" ">
    <subfield code="b">BENT</subfield>
    <subfield code="p">3835539-2370</subfield>
    <subfield code="z">v.9:no.25(2007:Jun. 14)</subfield>
  </datafield>
  <datafield tag="955" ind1=" " ind2=" ">
    <subfield code="b">BENT</subfield>
    <subfield code="p">3835539-2380</subfield>
    <subfield code="z">v.9:no.26(2007:Jun. 21)</subfield>
  </datafield>
  <datafield tag="955" ind1=" " ind2=" ">
    <subfield code="b">BENT</subfield>
    <subfield code="p">3835539-2390</subfield>
    <subfield code="z">v.9:no.27(2007:Jun. 28)</subfield>
  </datafield>
  <datafield tag="955" ind1=" " ind2=" ">
    <subfield code="b">BENT</subfield>
    <subfield code="p">3835539-2400</subfield>
    <subfield code="z">v.9:no.28(2007:Jul. 05)</subfield>
  </datafield>
  <datafield tag="955" ind1=" " ind2=" ">
    <subfield code="b">BENT</subfield>
    <subfield code="p">3835539-2410</subfield>
    <subfield code="z">v.9:no.29(2007:Jul. 12)</subfield>
  </datafield>
  <datafield tag="955" ind1=" " ind2=" ">
    <subfield code="b">BENT</subfield>
    <subfield code="p">3835539-2420</subfield>
    <subfield code="z">v.9:no.30(2007:Jul. 19)</subfield>
  </datafield>
  <datafield tag="955" ind1=" " ind2=" ">
    <subfield code="b">BENT</subfield>
    <subfield code="p">3835539-2430</subfield>
    <subfield code="z">v.9:no.31(2007:Jul. 26)</subfield>
  </datafield>
  <datafield tag="955" ind1=" " ind2=" ">
    <subfield code="b">BENT</subfield>
    <subfield code="p">3835539-2440</subfield>
    <subfield code="z">v.9:no.32(2007:Aug. 02)</subfield>
  </datafield>
  <datafield tag="955" ind1=" " ind2=" ">
    <subfield code="b">BENT</subfield>
    <subfield code="p">3835539-2450</subfield>
    <subfield code="z">v.9:no.33(2007:Aug. 09)</subfield>
  </datafield>
  <datafield tag="955" ind1=" " ind2=" ">
    <subfield code="b">BENT</subfield>
    <subfield code="p">3835539-2460</subfield>
    <subfield code="z">v.9:no.34(2007:Aug. 16)</subfield>
  </datafield>
  <datafield tag="955" ind1=" " ind2=" ">
    <subfield code="b">BENT</subfield>
    <subfield code="p">3835539-2470</subfield>
    <subfield code="z">v.9:no.35(2007:Aug. 24)</subfield>
  </datafield>
  <datafield tag="955" ind1=" " ind2=" ">
    <subfield code="b">BENT</subfield>
    <subfield code="p">3835539-2480</subfield>
    <subfield code="z">v.9:no.36(2007:Aug. 31)</subfield>
  </datafield>
  <datafield tag="955" ind1=" " ind2=" ">
    <subfield code="b">BENT</subfield>
    <subfield code="p">3835539-2490</subfield>
    <subfield code="z">v.9:no.37(2007:Sep. 07)</subfield>
  </datafield>
  <datafield tag="955" ind1=" " ind2=" ">
    <subfield code="b">BENT</subfield>
    <subfield code="p">3835539-2500</subfield>
    <subfield code="z">v.9:no.38(2007:Sep. 14)</subfield>
  </datafield>
  <datafield tag="955" ind1=" " ind2=" ">
    <subfield code="b">BENT</subfield>
    <subfield code="p">3835539-2510</subfield>
    <subfield code="z">v.9:no.39(2007:Sep. 20)</subfield>
  </datafield>
  <datafield tag="955" ind1=" " ind2=" ">
    <subfield code="b">BENT</subfield>
    <subfield code="p">3835539-2520</subfield>
    <subfield code="z">v.9:no.40(2007:Sep. 28)</subfield>
  </datafield>
  <datafield tag="955" ind1=" " ind2=" ">
    <subfield code="b">BENT</subfield>
    <subfield code="p">3835539-2530</subfield>
    <subfield code="z">v.9:no.41(2007:Oct. 05)</subfield>
  </datafield>
  <datafield tag="955" ind1=" " ind2=" ">
    <subfield code="b">BENT</subfield>
    <subfield code="p">3835539-2540</subfield>
    <subfield code="z">v.9:no.42(2007:Oct. 12)</subfield>
  </datafield>
  <datafield tag="955" ind1=" " ind2=" ">
    <subfield code="b">BENT</subfield>
    <subfield code="p">3835539-2550</subfield>
    <subfield code="z">v.9:no.43(2007:Oct. 19)</subfield>
  </datafield>
  <datafield tag="955" ind1=" " ind2=" ">
    <subfield code="b">BENT</subfield>
    <subfield code="p">3835539-2560</subfield>
    <subfield code="z">v.9:no.44(2007:Oct. 25)</subfield>
  </datafield>
  <datafield tag="955" ind1=" " ind2=" ">
    <subfield code="b">BENT</subfield>
    <subfield code="p">3835539-2570</subfield>
    <subfield code="z">v.9:no.45(2007:Nov. 02)</subfield>
  </datafield>
  <datafield tag="955" ind1=" " ind2=" ">
    <subfield code="b">BENT</subfield>
    <subfield code="p">3835539-2580</subfield>
    <subfield code="z">v.9:no.46(2007:Nov. 09)</subfield>
  </datafield>
  <datafield tag="955" ind1=" " ind2=" ">
    <subfield code="b">BENT</subfield>
    <subfield code="p">3835539-2590</subfield>
    <subfield code="z">v.9:no.47(2007:Nov. 15)</subfield>
  </datafield>
  <datafield tag="955" ind1=" " ind2=" ">
    <subfield code="b">BENT</subfield>
    <subfield code="p">3835539-2600</subfield>
    <subfield code="z">v.9:no.48(2007:Nov. 23)</subfield>
  </datafield>
  <datafield tag="955" ind1=" " ind2=" ">
    <subfield code="b">BENT</subfield>
    <subfield code="p">3835539-2610</subfield>
    <subfield code="z">v.9:no.49(2007:Nov. 29)</subfield>
  </datafield>
  <datafield tag="955" ind1=" " ind2=" ">
    <subfield code="b">BENT</subfield>
    <subfield code="p">3835539-2620</subfield>
    <subfield code="z">v.9:no.50(2007:Dec. 07)</subfield>
  </datafield>
  <datafield tag="955" ind1=" " ind2=" ">
    <subfield code="b">BENT</subfield>
    <subfield code="p">3835539-2630</subfield>
    <subfield code="z">v.9:no.51(2007:Dec. 13)</subfield>
  </datafield>
  <datafield tag="955" ind1=" " ind2=" ">
    <subfield code="b">BENT</subfield>
    <subfield code="p">3835539-2640</subfield>
    <subfield code="z">v.9:no.52(2007:Dec. 20)</subfield>
  </datafield>
  <datafield tag="955" ind1=" " ind2=" ">
    <subfield code="b">BENT</subfield>
    <subfield code="p">3835539-2650</subfield>
    <subfield code="z">v.10:no.1(2007:Dec. 28)</subfield>
  </datafield>
  <datafield tag="955" ind1=" " ind2=" ">
    <subfield code="b">BENT</subfield>
    <subfield code="p">3835539-2660</subfield>
    <subfield code="z">v.10:no.2(2008:Jan. 03)</subfield>
  </datafield>
  <datafield tag="955" ind1=" " ind2=" ">
    <subfield code="b">BENT</subfield>
    <subfield code="p">3835539-2670</subfield>
    <subfield code="z">v.10:no.3(2008:Jan. 11)</subfield>
  </datafield>
  <datafield tag="955" ind1=" " ind2=" ">
    <subfield code="b">BENT</subfield>
    <subfield code="p">3835539-2680</subfield>
    <subfield code="z">v.10:no.4(2008:Jan. 17)</subfield>
  </datafield>
  <datafield tag="955" ind1=" " ind2=" ">
    <subfield code="b">BENT</subfield>
    <subfield code="p">3835539-2690</subfield>
    <subfield code="z">v.10:no.5(2008:Jan. 24)</subfield>
  </datafield>
  <datafield tag="955" ind1=" " ind2=" ">
    <subfield code="b">BENT</subfield>
    <subfield code="p">3835539-2700</subfield>
    <subfield code="z">v.10:no.6(2008:Jan. 31)</subfield>
  </datafield>
  <datafield tag="955" ind1=" " ind2=" ">
    <subfield code="b">BENT</subfield>
    <subfield code="p">3835539-2710</subfield>
    <subfield code="z">v.10:no.7(2008:Feb. 07)</subfield>
  </datafield>
  <datafield tag="955" ind1=" " ind2=" ">
    <subfield code="b">BENT</subfield>
    <subfield code="p">3835539-2720</subfield>
    <subfield code="z">v.10:no.8(2008:Feb. 15)</subfield>
  </datafield>
  <datafield tag="955" ind1=" " ind2=" ">
    <subfield code="b">BENT</subfield>
    <subfield code="p">3835539-2730</subfield>
    <subfield code="z">v.10:no.9(2008:Feb. 21)</subfield>
  </datafield>
  <datafield tag="955" ind1=" " ind2=" ">
    <subfield code="b">BENT</subfield>
    <subfield code="p">3835539-2740</subfield>
    <subfield code="z">v.10:no.10(2008:Feb. 28)</subfield>
  </datafield>
  <datafield tag="955" ind1=" " ind2=" ">
    <subfield code="b">BENT</subfield>
    <subfield code="p">3835539-2750</subfield>
    <subfield code="z">v.10:no.11(2008:Mar. 06)</subfield>
  </datafield>
  <datafield tag="955" ind1=" " ind2=" ">
    <subfield code="b">BENT</subfield>
    <subfield code="p">3835539-2760</subfield>
    <subfield code="z">v.10:no.12(2008:Mar. 13)</subfield>
  </datafield>
  <datafield tag="955" ind1=" " ind2=" ">
    <subfield code="b">BENT</subfield>
    <subfield code="p">3835539-2770</subfield>
    <subfield code="z">v.10:no.13(2008:Mar. 20)</subfield>
  </datafield>
  <datafield tag="955" ind1=" " ind2=" ">
    <subfield code="b">BENT</subfield>
    <subfield code="p">3835539-2780</subfield>
    <subfield code="z">v.10:no.14(2008:Mar. 28)</subfield>
  </datafield>
  <datafield tag="955" ind1=" " ind2=" ">
    <subfield code="b">BENT</subfield>
    <subfield code="p">3835539-2790</subfield>
    <subfield code="z">v.10:no.15(2008:April 03)</subfield>
  </datafield>
  <datafield tag="955" ind1=" " ind2=" ">
    <subfield code="b">BENT</subfield>
    <subfield code="p">3835539-2800</subfield>
    <subfield code="z">v.10:no.16(2008:April 10)</subfield>
  </datafield>
  <datafield tag="955" ind1=" " ind2=" ">
    <subfield code="b">BENT</subfield>
    <subfield code="p">3835539-2810</subfield>
    <subfield code="z">v.10:no.17(2008:April 18)</subfield>
  </datafield>
  <datafield tag="955" ind1=" " ind2=" ">
    <subfield code="b">BENT</subfield>
    <subfield code="p">3835539-2820</subfield>
    <subfield code="z">v.10:no.18(2008:April 24)</subfield>
  </datafield>
  <datafield tag="955" ind1=" " ind2=" ">
    <subfield code="b">BENT</subfield>
    <subfield code="p">3835539-2830</subfield>
    <subfield code="z">v.10:no.19(2008:May 01)</subfield>
  </datafield>
  <datafield tag="955" ind1=" " ind2=" ">
    <subfield code="b">BENT</subfield>
    <subfield code="p">3835539-2840</subfield>
    <subfield code="z">v.10:no.20(2008:May 08)</subfield>
  </datafield>
  <datafield tag="955" ind1=" " ind2=" ">
    <subfield code="b">BENT</subfield>
    <subfield code="p">3835539-2850</subfield>
    <subfield code="z">v.10:no.21(2008:May 15)</subfield>
  </datafield>
  <datafield tag="955" ind1=" " ind2=" ">
    <subfield code="b">BENT</subfield>
    <subfield code="p">3835539-2860</subfield>
    <subfield code="z">v.10:no.22(2008:May 22)</subfield>
  </datafield>
  <datafield tag="955" ind1=" " ind2=" ">
    <subfield code="b">BENT</subfield>
    <subfield code="p">3835539-2870</subfield>
    <subfield code="z">v.10:no.23(2008:May 29)</subfield>
  </datafield>
  <datafield tag="955" ind1=" " ind2=" ">
    <subfield code="b">BENT</subfield>
    <subfield code="p">3835539-2880</subfield>
    <subfield code="z">v.10:no.24(2008:Jun. 05)</subfield>
  </datafield>
  <datafield tag="955" ind1=" " ind2=" ">
    <subfield code="b">BENT</subfield>
    <subfield code="p">3835539-2890</subfield>
    <subfield code="z">v.10:no.25(2008:Jun. 12)</subfield>
  </datafield>
  <datafield tag="955" ind1=" " ind2=" ">
    <subfield code="b">BENT</subfield>
    <subfield code="p">3835539-2900</subfield>
    <subfield code="z">v.10:no.26(2008:Jun. 20)</subfield>
  </datafield>
  <datafield tag="955" ind1=" " ind2=" ">
    <subfield code="b">BENT</subfield>
    <subfield code="p">3835539-2910</subfield>
    <subfield code="z">v.10:no.27(2008:Jun. 27)</subfield>
  </datafield>
  <datafield tag="955" ind1=" " ind2=" ">
    <subfield code="b">BENT</subfield>
    <subfield code="p">3835539-2920</subfield>
    <subfield code="z">v.10:no.28(2008:Jul. 03)</subfield>
  </datafield>
  <datafield tag="955" ind1=" " ind2=" ">
    <subfield code="b">BENT</subfield>
    <subfield code="p">3835539-2930</subfield>
    <subfield code="z">v.10:no.29(2008:Jul. 10)</subfield>
  </datafield>
  <datafield tag="955" ind1=" " ind2=" ">
    <subfield code="b">BENT</subfield>
    <subfield code="p">3835539-2940</subfield>
    <subfield code="z">v.10:no.30(2008:Jul. 18)</subfield>
  </datafield>
  <datafield tag="955" ind1=" " ind2=" ">
    <subfield code="b">BENT</subfield>
    <subfield code="p">3835539-2950</subfield>
    <subfield code="z">v.10:no.31(2008:Jul. 24)</subfield>
  </datafield>
  <datafield tag="955" ind1=" " ind2=" ">
    <subfield code="b">BENT</subfield>
    <subfield code="p">3835539-2960</subfield>
    <subfield code="z">v.10:no.32(2008:Jul. 31)</subfield>
  </datafield>
  <datafield tag="955" ind1=" " ind2=" ">
    <subfield code="b">BENT</subfield>
    <subfield code="p">3835539-2970</subfield>
    <subfield code="z">v.10:no.33(2008:Aug. 07)</subfield>
  </datafield>
  <datafield tag="955" ind1=" " ind2=" ">
    <subfield code="b">BENT</subfield>
    <subfield code="p">3835539-2980</subfield>
    <subfield code="z">v.10:no.34(2008:Aug. 14)</subfield>
  </datafield>
  <datafield tag="955" ind1=" " ind2=" ">
    <subfield code="b">BENT</subfield>
    <subfield code="p">3835539-2990</subfield>
    <subfield code="z">v.10:no.35(2008:Aug. 21)</subfield>
  </datafield>
  <datafield tag="955" ind1=" " ind2=" ">
    <subfield code="b">BENT</subfield>
    <subfield code="p">3835539-3000</subfield>
    <subfield code="z">v.10:no.36(2008:Aug. 28)</subfield>
  </datafield>
  <datafield tag="955" ind1=" " ind2=" ">
    <subfield code="b">BENT</subfield>
    <subfield code="p">3835539-3010</subfield>
    <subfield code="z">v.10:no.37(2008:Sep. 04)</subfield>
  </datafield>
  <datafield tag="955" ind1=" " ind2=" ">
    <subfield code="b">BENT</subfield>
    <subfield code="p">3835539-3020</subfield>
    <subfield code="z">v.10:no.38(2008:Sep. 11)</subfield>
  </datafield>
  <datafield tag="955" ind1=" " ind2=" ">
    <subfield code="b">BENT</subfield>
    <subfield code="p">3835539-3030</subfield>
    <subfield code="z">v.10:no.39(2008:Sep. 18)</subfield>
  </datafield>
  <datafield tag="955" ind1=" " ind2=" ">
    <subfield code="b">BENT</subfield>
    <subfield code="p">3835539-3040</subfield>
    <subfield code="z">v.10:no.40(2008:Sep. 25)</subfield>
  </datafield>
  <datafield tag="955" ind1=" " ind2=" ">
    <subfield code="b">BENT</subfield>
    <subfield code="p">3835539-3050</subfield>
    <subfield code="z">v.10:no.41(2008:Oct. 02)</subfield>
  </datafield>
  <datafield tag="955" ind1=" " ind2=" ">
    <subfield code="b">BENT</subfield>
    <subfield code="p">3835539-3060</subfield>
    <subfield code="z">v.10:no.42(2008:Oct. 09)</subfield>
  </datafield>
  <datafield tag="955" ind1=" " ind2=" ">
    <subfield code="b">BENT</subfield>
    <subfield code="p">3835539-3070</subfield>
    <subfield code="z">v.10:no.43(2008:Oct. 16)</subfield>
  </datafield>
  <datafield tag="955" ind1=" " ind2=" ">
    <subfield code="b">BENT</subfield>
    <subfield code="p">3835539-3080</subfield>
    <subfield code="z">v.10:no.44(2008:Oct. 23)</subfield>
  </datafield>
  <datafield tag="955" ind1=" " ind2=" ">
    <subfield code="b">BENT</subfield>
    <subfield code="p">3835539-3090</subfield>
    <subfield code="z">v.10:no.45(2008:Oct. 30)</subfield>
  </datafield>
  <datafield tag="955" ind1=" " ind2=" ">
    <subfield code="b">BENT</subfield>
    <subfield code="p">3835539-3100</subfield>
    <subfield code="z">v.10:no.46(2008:Nov. 06)</subfield>
  </datafield>
  <datafield tag="955" ind1=" " ind2=" ">
    <subfield code="b">BENT</subfield>
    <subfield code="p">3835539-3110</subfield>
    <subfield code="z">v.10:no.47(2008:Nov. 13)</subfield>
  </datafield>
  <datafield tag="955" ind1=" " ind2=" ">
    <subfield code="b">BENT</subfield>
    <subfield code="p">3835539-3120</subfield>
    <subfield code="z">v.10:no.48(2008:Nov. 21)</subfield>
  </datafield>
  <datafield tag="955" ind1=" " ind2=" ">
    <subfield code="b">BENT</subfield>
    <subfield code="p">3835539-3130</subfield>
    <subfield code="z">v.10:no.49(2008:Nov. 27)</subfield>
  </datafield>
  <datafield tag="955" ind1=" " ind2=" ">
    <subfield code="b">BENT</subfield>
    <subfield code="p">3835539-3140</subfield>
    <subfield code="z">v.10:no.50(2008:Dec. 04)</subfield>
  </datafield>
  <datafield tag="955" ind1=" " ind2=" ">
    <subfield code="b">BENT</subfield>
    <subfield code="p">3835539-3150</subfield>
    <subfield code="z">v.10:no.51(2008:Dec. 11)</subfield>
  </datafield>
  <datafield tag="955" ind1=" " ind2=" ">
    <subfield code="b">BENT</subfield>
    <subfield code="p">3835539-3160</subfield>
    <subfield code="z">v.10:no.52(2008:Dec. 18)</subfield>
  </datafield>
  <datafield tag="955" ind1=" " ind2=" ">
    <subfield code="b">BENT</subfield>
    <subfield code="p">3835539-3170</subfield>
    <subfield code="z">v.11:no.1(2008:Dec. 26)</subfield>
  </datafield>
  <datafield tag="955" ind1=" " ind2=" ">
    <subfield code="b">BENT</subfield>
    <subfield code="p">3835539-3180</subfield>
    <subfield code="z">v.11:no.2(2009:Jan. 01)</subfield>
  </datafield>
  <datafield tag="955" ind1=" " ind2=" ">
    <subfield code="b">BENT</subfield>
    <subfield code="p">3835539-3190</subfield>
    <subfield code="z">v.11:no.3(2009:Jan. 08)</subfield>
  </datafield>
  <datafield tag="955" ind1=" " ind2=" ">
    <subfield code="b">BENT</subfield>
    <subfield code="p">3835539-3200</subfield>
    <subfield code="z">v.11:no.4(2009:Jan. 15)</subfield>
  </datafield>
  <datafield tag="955" ind1=" " ind2=" ">
    <subfield code="b">BENT</subfield>
    <subfield code="p">3835539-3210</subfield>
    <subfield code="z">v.11:no.5(2009:Jan. 23)</subfield>
  </datafield>
  <datafield tag="955" ind1=" " ind2=" ">
    <subfield code="b">BENT</subfield>
    <subfield code="p">3835539-3220</subfield>
    <subfield code="z">v.11:no.6(2009:Jan. 29)</subfield>
  </datafield>
  <datafield tag="955" ind1=" " ind2=" ">
    <subfield code="b">BENT</subfield>
    <subfield code="p">3835539-3230</subfield>
    <subfield code="z">v.11:no.7(2009:Feb. 06)</subfield>
  </datafield>
  <datafield tag="955" ind1=" " ind2=" ">
    <subfield code="b">BENT</subfield>
    <subfield code="p">3835539-3240</subfield>
    <subfield code="z">v.11:no.8(2009:Feb. 12)</subfield>
  </datafield>
  <datafield tag="955" ind1=" " ind2=" ">
    <subfield code="b">BENT</subfield>
    <subfield code="p">3835539-3250</subfield>
    <subfield code="z">v.11:no.9(2009:Feb. 19)</subfield>
  </datafield>
  <datafield tag="955" ind1=" " ind2=" ">
    <subfield code="b">BENT</subfield>
    <subfield code="p">3835539-3260</subfield>
    <subfield code="z">v.11:no.10(2009:Feb. 26)</subfield>
  </datafield>
  <datafield tag="955" ind1=" " ind2=" ">
    <subfield code="b">BENT</subfield>
    <subfield code="p">3835539-3270</subfield>
    <subfield code="z">v.11:no.11(2009:Mar. 05)</subfield>
  </datafield>
  <datafield tag="955" ind1=" " ind2=" ">
    <subfield code="b">BENT</subfield>
    <subfield code="p">3835539-3280</subfield>
    <subfield code="z">v.11:no.12(2009:Mar. 12)</subfield>
  </datafield>
  <datafield tag="955" ind1=" " ind2=" ">
    <subfield code="b">BENT</subfield>
    <subfield code="p">3835539-3290</subfield>
    <subfield code="z">v.11:no.13(2009:Mar. 19)</subfield>
  </datafield>
  <datafield tag="955" ind1=" " ind2=" ">
    <subfield code="b">BENT</subfield>
    <subfield code="p">3835539-3300</subfield>
    <subfield code="z">v.11:no.14(2009:Mar. 26)</subfield>
  </datafield>
  <datafield tag="955" ind1=" " ind2=" ">
    <subfield code="b">BENT</subfield>
    <subfield code="p">3835539-3310</subfield>
    <subfield code="z">v.11:no.15(2009:April 02)</subfield>
  </datafield>
  <datafield tag="955" ind1=" " ind2=" ">
    <subfield code="b">BENT</subfield>
    <subfield code="p">3835539-3320</subfield>
    <subfield code="z">v.11:no.16(2009:April 09)</subfield>
  </datafield>
  <datafield tag="955" ind1=" " ind2=" ">
    <subfield code="b">BENT</subfield>
    <subfield code="p">3835539-3330</subfield>
    <subfield code="z">v.11:no.17(2009:April 17)</subfield>
  </datafield>
  <datafield tag="955" ind1=" " ind2=" ">
    <subfield code="b">BENT</subfield>
    <subfield code="p">3835539-3340</subfield>
    <subfield code="z">v.11:no.18(2009:April 23)</subfield>
  </datafield>
  <datafield tag="955" ind1=" " ind2=" ">
    <subfield code="b">BENT</subfield>
    <subfield code="p">3835539-3350</subfield>
    <subfield code="z">v.11:no.19(2009:April 30)</subfield>
  </datafield>
  <datafield tag="955" ind1=" " ind2=" ">
    <subfield code="b">BENT</subfield>
    <subfield code="p">3835539-3360</subfield>
    <subfield code="z">v.11:no.20(2009:May 07)</subfield>
  </datafield>
  <datafield tag="955" ind1=" " ind2=" ">
    <subfield code="b">BENT</subfield>
    <subfield code="p">3835539-3370</subfield>
    <subfield code="z">v.11:no.21(2009:May 14)</subfield>
  </datafield>
  <datafield tag="955" ind1=" " ind2=" ">
    <subfield code="b">BENT</subfield>
    <subfield code="p">3835539-3380</subfield>
    <subfield code="z">v.11:no.22(2009:May 21)</subfield>
  </datafield>
  <datafield tag="955" ind1=" " ind2=" ">
    <subfield code="b">BENT</subfield>
    <subfield code="p">3835539-3390</subfield>
    <subfield code="z">v.11:no.23(2009:May 28)</subfield>
  </datafield>
  <datafield tag="955" ind1=" " ind2=" ">
    <subfield code="b">BENT</subfield>
    <subfield code="p">3835539-3400</subfield>
    <subfield code="z">v.11:no.24(2009:Jun. 04)</subfield>
  </datafield>
  <datafield tag="955" ind1=" " ind2=" ">
    <subfield code="b">BENT</subfield>
    <subfield code="p">3835539-3410</subfield>
    <subfield code="z">v.11:no.25(2009:Jun. 11)</subfield>
  </datafield>
  <datafield tag="955" ind1=" " ind2=" ">
    <subfield code="b">BENT</subfield>
    <subfield code="p">3835539-3420</subfield>
    <subfield code="z">v.11:no.26(2009:Jun. 19)</subfield>
  </datafield>
  <datafield tag="955" ind1=" " ind2=" ">
    <subfield code="b">BENT</subfield>
    <subfield code="p">3835539-3430</subfield>
    <subfield code="z">v.11:no.27(2009:Jun. 25)</subfield>
  </datafield>
  <datafield tag="955" ind1=" " ind2=" ">
    <subfield code="b">BENT</subfield>
    <subfield code="p">3835539-3440</subfield>
    <subfield code="z">v.11:no.28(2009:Jul. 02)</subfield>
  </datafield>
  <datafield tag="955" ind1=" " ind2=" ">
    <subfield code="b">BENT</subfield>
    <subfield code="p">3835539-3450</subfield>
    <subfield code="z">v.11:no.29(2009:Jul. 09)</subfield>
  </datafield>
  <datafield tag="955" ind1=" " ind2=" ">
    <subfield code="b">BENT</subfield>
    <subfield code="p">3835539-3460</subfield>
    <subfield code="z">v.11:no.30(2009:Jul. 16)</subfield>
  </datafield>
  <datafield tag="955" ind1=" " ind2=" ">
    <subfield code="b">BENT</subfield>
    <subfield code="p">3835539-3470</subfield>
    <subfield code="z">v.11:no.31(2009:Jul. 23)</subfield>
  </datafield>
  <datafield tag="955" ind1=" " ind2=" ">
    <subfield code="b">BENT</subfield>
    <subfield code="p">3835539-3480</subfield>
    <subfield code="z">v.11:no.32(2009:Jul. 30)</subfield>
  </datafield>
  <datafield tag="955" ind1=" " ind2=" ">
    <subfield code="b">BENT</subfield>
    <subfield code="p">3835539-3490</subfield>
    <subfield code="z">v.11:no.33(2009:Aug. 06)</subfield>
  </datafield>
  <datafield tag="955" ind1=" " ind2=" ">
    <subfield code="b">BENT</subfield>
    <subfield code="p">3835539-3500</subfield>
    <subfield code="z">v.11:no.34(2009:Aug. 14)</subfield>
  </datafield>
  <datafield tag="955" ind1=" " ind2=" ">
    <subfield code="b">BENT</subfield>
    <subfield code="p">3835539-3510</subfield>
    <subfield code="z">v.11:no.35(2009:Aug. 21)</subfield>
  </datafield>
  <datafield tag="955" ind1=" " ind2=" ">
    <subfield code="b">BENT</subfield>
    <subfield code="p">3835539-3520</subfield>
    <subfield code="z">v.11:no.36(2009:Aug. 28)</subfield>
  </datafield>
  <datafield tag="955" ind1=" " ind2=" ">
    <subfield code="b">BENT</subfield>
    <subfield code="p">3835539-3530</subfield>
    <subfield code="z">v.11:no.37(2009:Sep. 04)</subfield>
  </datafield>
  <datafield tag="955" ind1=" " ind2=" ">
    <subfield code="b">BENT</subfield>
    <subfield code="p">3835539-3540</subfield>
    <subfield code="z">v.11:no.38(2009:Sep. 11)</subfield>
  </datafield>
  <datafield tag="955" ind1=" " ind2=" ">
    <subfield code="b">BENT</subfield>
    <subfield code="p">3835539-3550</subfield>
    <subfield code="z">v.11:no.39(2009:Sep. 18)</subfield>
  </datafield>
  <datafield tag="955" ind1=" " ind2=" ">
    <subfield code="b">BENT</subfield>
    <subfield code="p">3835539-3560</subfield>
    <subfield code="z">v.11:no.40(2009:Sep. 24)</subfield>
  </datafield>
  <datafield tag="955" ind1=" " ind2=" ">
    <subfield code="b">BENT</subfield>
    <subfield code="p">3835539-3570</subfield>
    <subfield code="z">v.11:no.41(2009:Oct. 02)</subfield>
  </datafield>
  <datafield tag="955" ind1=" " ind2=" ">
    <subfield code="b">BENT</subfield>
    <subfield code="p">3835539-3580</subfield>
    <subfield code="z">v.11:no.42(2009:Oct. 08)</subfield>
  </datafield>
  <datafield tag="955" ind1=" " ind2=" ">
    <subfield code="b">BENT</subfield>
    <subfield code="p">3835539-3590</subfield>
    <subfield code="z">v.11:no.43(2009:Oct. 15)</subfield>
  </datafield>
  <datafield tag="955" ind1=" " ind2=" ">
    <subfield code="b">BENT</subfield>
    <subfield code="p">3835539-3600</subfield>
    <subfield code="z">v.11:no.44(2009:Oct. 22)</subfield>
  </datafield>
  <datafield tag="955" ind1=" " ind2=" ">
    <subfield code="b">BENT</subfield>
    <subfield code="p">3835539-3610</subfield>
    <subfield code="z">v.11:no.45(2009:Oct. 29)</subfield>
  </datafield>
  <datafield tag="955" ind1=" " ind2=" ">
    <subfield code="b">BENT</subfield>
    <subfield code="p">3835539-3620</subfield>
    <subfield code="z">v.11:no.46(2009:Nov. 05)</subfield>
  </datafield>
  <datafield tag="955" ind1=" " ind2=" ">
    <subfield code="b">BENT</subfield>
    <subfield code="p">3835539-3630</subfield>
    <subfield code="z">v.11:no.47(2009:Nov. 13)</subfield>
  </datafield>
  <datafield tag="955" ind1=" " ind2=" ">
    <subfield code="b">BENT</subfield>
    <subfield code="p">3835539-3640</subfield>
    <subfield code="z">v.11:no.48(2009:Nov. 19)</subfield>
  </datafield>
  <datafield tag="955" ind1=" " ind2=" ">
    <subfield code="b">BENT</subfield>
    <subfield code="p">3835539-3650</subfield>
    <subfield code="z">v.11:no.49(2009:Nov. 26)</subfield>
  </datafield>
  <datafield tag="955" ind1=" " ind2=" ">
    <subfield code="b">BENT</subfield>
    <subfield code="p">3835539-3660</subfield>
    <subfield code="z">v.11:no.50(2009:Dec. 03)</subfield>
  </datafield>
  <datafield tag="955" ind1=" " ind2=" ">
    <subfield code="b">BENT</subfield>
    <subfield code="p">3835539-3670</subfield>
    <subfield code="z">v.11:no.51(2009:Dec. 10)</subfield>
  </datafield>
  <datafield tag="955" ind1=" " ind2=" ">
    <subfield code="b">BENT</subfield>
    <subfield code="p">3835539-3680</subfield>
    <subfield code="z">v.11:no.52(2009:Dec. 18)</subfield>
  </datafield>
  <datafield tag="955" ind1=" " ind2=" ">
    <subfield code="b">BENT</subfield>
    <subfield code="p">3835539-3690</subfield>
    <subfield code="z">v.12:no.1(2010:Jan. 01)</subfield>
  </datafield>
  <datafield tag="955" ind1=" " ind2=" ">
    <subfield code="b">BENT</subfield>
    <subfield code="p">3835539-3700</subfield>
    <subfield code="z">v.12:no.2(2010:Jan. 08)</subfield>
  </datafield>
  <datafield tag="955" ind1=" " ind2=" ">
    <subfield code="b">BENT</subfield>
    <subfield code="p">3835539-3710</subfield>
    <subfield code="z">v.12:no.3(2010:Jan. 15)</subfield>
  </datafield>
  <datafield tag="955" ind1=" " ind2=" ">
    <subfield code="b">BENT</subfield>
    <subfield code="p">3835539-3720</subfield>
    <subfield code="z">v.12:no.4(2010:Jan. 22)</subfield>
  </datafield>
  <datafield tag="955" ind1=" " ind2=" ">
    <subfield code="b">BENT</subfield>
    <subfield code="p">3835539-3730</subfield>
    <subfield code="z">v.12:no.5(2010:Jan. 29)</subfield>
  </datafield>
  <datafield tag="955" ind1=" " ind2=" ">
    <subfield code="b">BENT</subfield>
    <subfield code="p">3835539-3740</subfield>
    <subfield code="z">v.12:no.6(2010:Feb. 05)</subfield>
  </datafield>
  <datafield tag="955" ind1=" " ind2=" ">
    <subfield code="b">BENT</subfield>
    <subfield code="p">3835539-3750</subfield>
    <subfield code="z">v.12:no.7(2010:Feb. 13)</subfield>
  </datafield>
  <datafield tag="955" ind1=" " ind2=" ">
    <subfield code="b">BENT</subfield>
    <subfield code="p">3835539-3760</subfield>
    <subfield code="z">v.12:no.8(2010:Feb. 20)</subfield>
  </datafield>
  <datafield tag="955" ind1=" " ind2=" ">
    <subfield code="b">BENT</subfield>
    <subfield code="p">3835539-3770</subfield>
    <subfield code="z">v.12:no.9(2010:Feb. 26)</subfield>
  </datafield>
  <datafield tag="955" ind1=" " ind2=" ">
    <subfield code="b">BENT</subfield>
    <subfield code="p">3835539-3780</subfield>
    <subfield code="z">v.12:no.10(2010:Mar. 05)</subfield>
  </datafield>
  <datafield tag="955" ind1=" " ind2=" ">
    <subfield code="b">BENT</subfield>
    <subfield code="p">3835539-3790</subfield>
    <subfield code="z">v.12:no.11(2010:Mar. 12)</subfield>
  </datafield>
  <datafield tag="955" ind1=" " ind2=" ">
    <subfield code="b">BENT</subfield>
    <subfield code="p">3835539-3800</subfield>
    <subfield code="z">v.12:no.12(2010:Mar. 19)</subfield>
  </datafield>
  <datafield tag="955" ind1=" " ind2=" ">
    <subfield code="b">BENT</subfield>
    <subfield code="p">3835539-3810</subfield>
    <subfield code="z">v.12:no.13(2010:Mar. 26)</subfield>
  </datafield>
  <datafield tag="955" ind1=" " ind2=" ">
    <subfield code="b">BENT</subfield>
    <subfield code="p">3835539-3820</subfield>
    <subfield code="z">v.12:no.14(2010:April 02)</subfield>
  </datafield>
  <datafield tag="955" ind1=" " ind2=" ">
    <subfield code="b">BENT</subfield>
    <subfield code="p">3835539-3830</subfield>
    <subfield code="z">v.12:no.15(2010:April 09)</subfield>
  </datafield>
  <datafield tag="955" ind1=" " ind2=" ">
    <subfield code="b">BENT</subfield>
    <subfield code="p">3835539-3840</subfield>
    <subfield code="z">v.12:no.16(2010:April 16)</subfield>
  </datafield>
  <datafield tag="955" ind1=" " ind2=" ">
    <subfield code="b">BENT</subfield>
    <subfield code="p">3835539-3850</subfield>
    <subfield code="z">v.12:no.17(2010:April 23)</subfield>
  </datafield>
  <datafield tag="955" ind1=" " ind2=" ">
    <subfield code="b">BENT</subfield>
    <subfield code="p">3835539-3860</subfield>
    <subfield code="z">v.12:no.18(2010:April 30)</subfield>
  </datafield>
  <datafield tag="955" ind1=" " ind2=" ">
    <subfield code="b">BENT</subfield>
    <subfield code="p">3835539-3870</subfield>
    <subfield code="z">v.12:no.19(2010:May 07)</subfield>
  </datafield>
  <datafield tag="955" ind1=" " ind2=" ">
    <subfield code="b">BENT</subfield>
    <subfield code="p">3835539-3880</subfield>
    <subfield code="z">v.12:no.20(2010:May 14)</subfield>
  </datafield>
  <datafield tag="955" ind1=" " ind2=" ">
    <subfield code="b">BENT</subfield>
    <subfield code="p">3835539-3890</subfield>
    <subfield code="z">v.12:no.21(2010:May 21)</subfield>
  </datafield>
  <datafield tag="955" ind1=" " ind2=" ">
    <subfield code="b">BENT</subfield>
    <subfield code="p">3835539-3900</subfield>
    <subfield code="z">v.12:no.22(2010:May 28)</subfield>
  </datafield>
  <datafield tag="955" ind1=" " ind2=" ">
    <subfield code="b">BENT</subfield>
    <subfield code="p">3835539-3910</subfield>
    <subfield code="z">v.12:no.23(2010:Jun. 04)</subfield>
  </datafield>
  <datafield tag="955" ind1=" " ind2=" ">
    <subfield code="b">BENT</subfield>
    <subfield code="p">3835539-3920</subfield>
    <subfield code="z">v.12:no.24(2010:Jun. 11)</subfield>
  </datafield>
  <datafield tag="955" ind1=" " ind2=" ">
    <subfield code="b">BENT</subfield>
    <subfield code="p">3835539-3930</subfield>
    <subfield code="z">v.12:no.25(2010:Jun. 18)</subfield>
  </datafield>
  <datafield tag="955" ind1=" " ind2=" ">
    <subfield code="b">BENT</subfield>
    <subfield code="p">3835539-3940</subfield>
    <subfield code="z">v.12:no.26(2010:Jun. 25)</subfield>
  </datafield>
  <datafield tag="955" ind1=" " ind2=" ">
    <subfield code="b">BENT</subfield>
    <subfield code="p">3835539-3950</subfield>
    <subfield code="z">v.12:no.27(2010:Jul. 02)</subfield>
  </datafield>
  <datafield tag="955" ind1=" " ind2=" ">
    <subfield code="b">BENT</subfield>
    <subfield code="p">3835539-3960</subfield>
    <subfield code="z">v.12:no.28(2010:Jul. 09)</subfield>
  </datafield>
  <datafield tag="955" ind1=" " ind2=" ">
    <subfield code="b">BENT</subfield>
    <subfield code="p">3835539-3970</subfield>
    <subfield code="z">v.12:no.29(2010:Jul. 16)</subfield>
  </datafield>
  <datafield tag="955" ind1=" " ind2=" ">
    <subfield code="b">BENT</subfield>
    <subfield code="p">3835539-3980</subfield>
    <subfield code="z">v.12:no.30(2010:Jul. 23)</subfield>
  </datafield>
  <datafield tag="955" ind1=" " ind2=" ">
    <subfield code="b">BENT</subfield>
    <subfield code="p">3835539-3990</subfield>
    <subfield code="z">v.12:no.31(2010:Jul. 30)</subfield>
  </datafield>
  <datafield tag="955" ind1=" " ind2=" ">
    <subfield code="b">BENT</subfield>
    <subfield code="p">3835539-4000</subfield>
    <subfield code="z">v.12:no.32(2010:Aug. 06)</subfield>
  </datafield>
  <datafield tag="955" ind1=" " ind2=" ">
    <subfield code="b">BENT</subfield>
    <subfield code="p">3835539-4010</subfield>
    <subfield code="z">v.12:no.33(2010:Aug. 13)</subfield>
  </datafield>
  <datafield tag="955" ind1=" " ind2=" ">
    <subfield code="b">BENT</subfield>
    <subfield code="p">3835539-4020</subfield>
    <subfield code="z">v.12:no.34(2010:Aug. 20)</subfield>
  </datafield>
  <datafield tag="955" ind1=" " ind2=" ">
    <subfield code="b">BENT</subfield>
    <subfield code="p">3835539-4030</subfield>
    <subfield code="z">v.12:no.35(2010:Aug. 27)</subfield>
  </datafield>
  <datafield tag="955" ind1=" " ind2=" ">
    <subfield code="b">BENT</subfield>
    <subfield code="p">3835539-4040</subfield>
    <subfield code="z">v.12:no.36(2010:Sep. 03)</subfield>
  </datafield>
  <datafield tag="955" ind1=" " ind2=" ">
    <subfield code="b">BENT</subfield>
    <subfield code="p">3835539-4050</subfield>
    <subfield code="z">v.12:no.37(2010:Sep. 10)</subfield>
  </datafield>
  <datafield tag="955" ind1=" " ind2=" ">
    <subfield code="b">BENT</subfield>
    <subfield code="p">3835539-4060</subfield>
    <subfield code="z">v.12:no.38(2010:Sep. 17)</subfield>
  </datafield>
  <datafield tag="955" ind1=" " ind2=" ">
    <subfield code="b">BENT</subfield>
    <subfield code="p">3835539-4070</subfield>
    <subfield code="z">v.12:no.39(2010:Sep. 24)</subfield>
  </datafield>
  <datafield tag="955" ind1=" " ind2=" ">
    <subfield code="b">BENT</subfield>
    <subfield code="p">3835539-4080</subfield>
    <subfield code="z">v.12:no.40(2010:Oct. 01)</subfield>
  </datafield>
  <datafield tag="955" ind1=" " ind2=" ">
    <subfield code="b">BENT</subfield>
    <subfield code="p">3835539-4090</subfield>
    <subfield code="z">v.12:no.41(2010:Oct. 08)</subfield>
  </datafield>
  <datafield tag="955" ind1=" " ind2=" ">
    <subfield code="b">BENT</subfield>
    <subfield code="p">3835539-4100</subfield>
    <subfield code="z">v.12:no.42(2010:Oct. 15)</subfield>
  </datafield>
  <datafield tag="955" ind1=" " ind2=" ">
    <subfield code="b">BENT</subfield>
    <subfield code="p">3835539-4110</subfield>
    <subfield code="z">v.12:no.43(2010:Oct. 22)</subfield>
  </datafield>
  <datafield tag="955" ind1=" " ind2=" ">
    <subfield code="b">BENT</subfield>
    <subfield code="p">3835539-4120</subfield>
    <subfield code="z">v.12:no.44(2010:Oct. 29)</subfield>
  </datafield>
  <datafield tag="955" ind1=" " ind2=" ">
    <subfield code="b">BENT</subfield>
    <subfield code="p">3835539-4130</subfield>
    <subfield code="z">v.12:no.45(2010:Nov. 05)</subfield>
  </datafield>
  <datafield tag="955" ind1=" " ind2=" ">
    <subfield code="b">BENT</subfield>
    <subfield code="p">3835539-4140</subfield>
    <subfield code="z">v.12:no.46(2010:Nov. 12)</subfield>
  </datafield>
  <datafield tag="955" ind1=" " ind2=" ">
    <subfield code="b">BENT</subfield>
    <subfield code="p">3835539-4150</subfield>
    <subfield code="z">v.12:no.47(2010:Nov. 19)</subfield>
  </datafield>
  <datafield tag="955" ind1=" " ind2=" ">
    <subfield code="b">BENT</subfield>
    <subfield code="p">3835539-4160</subfield>
    <subfield code="z">v.12:no.48(2010:Nov. 26)</subfield>
  </datafield>
  <datafield tag="955" ind1=" " ind2=" ">
    <subfield code="b">BENT</subfield>
    <subfield code="p">3835539-4170</subfield>
    <subfield code="z">v.12:no.49(2010:Dec. 03)</subfield>
  </datafield>
  <datafield tag="955" ind1=" " ind2=" ">
    <subfield code="b">BENT</subfield>
    <subfield code="p">3835539-4180</subfield>
    <subfield code="z">v.12:no.50(2010:Dec. 10)</subfield>
  </datafield>
  <datafield tag="955" ind1=" " ind2=" ">
    <subfield code="b">BENT</subfield>
    <subfield code="p">3835539-4190</subfield>
    <subfield code="z">v.12:no.51(2010:Dec. 17)</subfield>
  </datafield>
  <datafield tag="955" ind1=" " ind2=" ">
    <subfield code="b">BENT</subfield>
    <subfield code="p">3835539-4200</subfield>
    <subfield code="z">v.12:no.52(2010:Dec. 24)</subfield>
  </datafield>
  <datafield tag="955" ind1=" " ind2=" ">
    <subfield code="b">BENT</subfield>
    <subfield code="p">3835539-4210</subfield>
    <subfield code="z">v.13:no.1(2010:Dec. 31)</subfield>
  </datafield>
  <datafield tag="955" ind1=" " ind2=" ">
    <subfield code="b">BENT</subfield>
    <subfield code="p">3835539-4230</subfield>
    <subfield code="z">v.13:no.2(2011:Jan. 07)</subfield>
  </datafield>
  <datafield tag="955" ind1=" " ind2=" ">
    <subfield code="b">BENT</subfield>
    <subfield code="p">3835539-4240</subfield>
    <subfield code="z">v.13:no.3(2011:Jan. 14)</subfield>
  </datafield>
  <datafield tag="955" ind1=" " ind2=" ">
    <subfield code="b">BENT</subfield>
    <subfield code="p">3835539-4250</subfield>
    <subfield code="z">v.13:no.4(2011:Jan. 21)</subfield>
  </datafield>
  <datafield tag="955" ind1=" " ind2=" ">
    <subfield code="b">BENT</subfield>
    <subfield code="p">3835539-4260</subfield>
    <subfield code="z">v.13:no.5(2011:Jan. 28)</subfield>
  </datafield>
  <datafield tag="955" ind1=" " ind2=" ">
    <subfield code="b">BENT</subfield>
    <subfield code="p">3835539-4270</subfield>
    <subfield code="z">v.13:no.6(2011:Feb. 04)</subfield>
  </datafield>
  <datafield tag="955" ind1=" " ind2=" ">
    <subfield code="b">BENT</subfield>
    <subfield code="p">3835539-4280</subfield>
    <subfield code="z">v.13:no.7(2011:Feb. 11)</subfield>
  </datafield>
  <datafield tag="955" ind1=" " ind2=" ">
    <subfield code="b">BENT</subfield>
    <subfield code="p">3835539-4290</subfield>
    <subfield code="z">v.13:no.8(2011:Feb. 18)</subfield>
  </datafield>
  <datafield tag="955" ind1=" " ind2=" ">
    <subfield code="b">BENT</subfield>
    <subfield code="p">3835539-4300</subfield>
    <subfield code="z">v.13:no.9(2011:Feb. 25)</subfield>
  </datafield>
  <datafield tag="955" ind1=" " ind2=" ">
    <subfield code="b">BENT</subfield>
    <subfield code="p">3835539-4310</subfield>
    <subfield code="z">v.13:no.10(2011:Mar. 04)</subfield>
  </datafield>
  <datafield tag="955" ind1=" " ind2=" ">
    <subfield code="b">BENT</subfield>
    <subfield code="p">3835539-4320</subfield>
    <subfield code="z">v.13:no.11(2011:Mar. 11)</subfield>
  </datafield>
  <datafield tag="955" ind1=" " ind2=" ">
    <subfield code="b">BENT</subfield>
    <subfield code="p">3835539-4330</subfield>
    <subfield code="z">v.13:no.12(2011:Mar. 18)</subfield>
  </datafield>
  <datafield tag="955" ind1=" " ind2=" ">
    <subfield code="b">BENT</subfield>
    <subfield code="p">3835539-4340</subfield>
    <subfield code="z">v.13:no.13(2011:Mar. 25)</subfield>
  </datafield>
  <datafield tag="955" ind1=" " ind2=" ">
    <subfield code="b">BENT</subfield>
    <subfield code="p">3835539-4350</subfield>
    <subfield code="z">v.13:no.14(2011:April 01)</subfield>
  </datafield>
  <datafield tag="955" ind1=" " ind2=" ">
    <subfield code="b">BENT</subfield>
    <subfield code="p">3835539-4360</subfield>
    <subfield code="z">v.13:no.15(2011:April 08)</subfield>
  </datafield>
  <datafield tag="955" ind1=" " ind2=" ">
    <subfield code="b">BENT</subfield>
    <subfield code="p">3835539-4370</subfield>
    <subfield code="z">v.13:no.16(2011:April 15)</subfield>
  </datafield>
  <datafield tag="955" ind1=" " ind2=" ">
    <subfield code="b">BENT</subfield>
    <subfield code="p">3835539-4380</subfield>
    <subfield code="z">v.13:no.17(2011:April 22)</subfield>
  </datafield>
  <datafield tag="955" ind1=" " ind2=" ">
    <subfield code="b">BENT</subfield>
    <subfield code="p">3835539-4390</subfield>
    <subfield code="z">v.13:no.18(2011:April 29)</subfield>
  </datafield>
  <datafield tag="955" ind1=" " ind2=" ">
    <subfield code="b">BENT</subfield>
    <subfield code="p">3835539-4400</subfield>
    <subfield code="z">v.13:no.19(2011:May 06)</subfield>
  </datafield>
  <datafield tag="955" ind1=" " ind2=" ">
    <subfield code="b">BENT</subfield>
    <subfield code="p">3835539-4410</subfield>
    <subfield code="z">v.13:no.20(2011:May 13)</subfield>
  </datafield>
  <datafield tag="955" ind1=" " ind2=" ">
    <subfield code="b">BENT</subfield>
    <subfield code="p">3835539-4420</subfield>
    <subfield code="z">v.13:no.21(2011:May 20)</subfield>
  </datafield>
  <datafield tag="955" ind1=" " ind2=" ">
    <subfield code="b">BENT</subfield>
    <subfield code="p">3835539-4430</subfield>
    <subfield code="z">v.13:no.22(2011:May 27)</subfield>
  </datafield>
  <datafield tag="955" ind1=" " ind2=" ">
    <subfield code="b">BENT</subfield>
    <subfield code="p">3835539-4440</subfield>
    <subfield code="z">v.13:no.23(2011:Jun. 03)</subfield>
  </datafield>
  <datafield tag="955" ind1=" " ind2=" ">
    <subfield code="b">BENT</subfield>
    <subfield code="p">3835539-4450</subfield>
    <subfield code="z">v.13:no.24(2011:Jun. 10)</subfield>
  </datafield>
  <datafield tag="955" ind1=" " ind2=" ">
    <subfield code="b">BENT</subfield>
    <subfield code="p">3835539-4460</subfield>
    <subfield code="z">v.13:no.25(2011:Jun. 17)</subfield>
  </datafield>
  <datafield tag="955" ind1=" " ind2=" ">
    <subfield code="b">BENT</subfield>
    <subfield code="p">3835539-4470</subfield>
    <subfield code="z">v.13:no.26(2011:Jun. 24)</subfield>
  </datafield>
  <datafield tag="955" ind1=" " ind2=" ">
    <subfield code="b">BENT</subfield>
    <subfield code="p">3835539-4480</subfield>
    <subfield code="z">v.13:no.27(2011:Jul. 01)</subfield>
  </datafield>
  <datafield tag="955" ind1=" " ind2=" ">
    <subfield code="b">BENT</subfield>
    <subfield code="p">3835539-4490</subfield>
    <subfield code="z">v.13:no.28(2011:Jul. 08)</subfield>
  </datafield>
  <datafield tag="955" ind1=" " ind2=" ">
    <subfield code="b">BENT</subfield>
    <subfield code="p">3835539-4500</subfield>
    <subfield code="z">v.13:no.29(2011:Jul. 15)</subfield>
  </datafield>
  <datafield tag="955" ind1=" " ind2=" ">
    <subfield code="b">BENT</subfield>
    <subfield code="p">3835539-4510</subfield>
    <subfield code="z">v.13:no.30(2011:Jul. 22)</subfield>
  </datafield>
  <datafield tag="955" ind1=" " ind2=" ">
    <subfield code="b">BENT</subfield>
    <subfield code="p">3835539-4520</subfield>
    <subfield code="z">v.13:no.31(2011:Jul. 29)</subfield>
  </datafield>
  <datafield tag="955" ind1=" " ind2=" ">
    <subfield code="b">BENT</subfield>
    <subfield code="p">3835539-4530</subfield>
    <subfield code="z">v.13:no.32(2011:Aug. 05)</subfield>
  </datafield>
  <datafield tag="955" ind1=" " ind2=" ">
    <subfield code="b">BENT</subfield>
    <subfield code="p">3835539-4540</subfield>
    <subfield code="z">v.13:no.33(2011:Aug. 12)</subfield>
  </datafield>
  <datafield tag="955" ind1=" " ind2=" ">
    <subfield code="b">BENT</subfield>
    <subfield code="p">3835539-4550</subfield>
    <subfield code="z">v.13:no.34(2011:Aug. 19)</subfield>
  </datafield>
  <datafield tag="955" ind1=" " ind2=" ">
    <subfield code="b">BENT</subfield>
    <subfield code="p">3835539-4560</subfield>
    <subfield code="z">v.13:no.35(2011:Aug. 26)</subfield>
  </datafield>
  <datafield tag="955" ind1=" " ind2=" ">
    <subfield code="b">BENT</subfield>
    <subfield code="p">3835539-4570</subfield>
    <subfield code="z">v.13:no.36(2011:Sep. 02)</subfield>
  </datafield>
  <datafield tag="955" ind1=" " ind2=" ">
    <subfield code="b">BENT</subfield>
    <subfield code="p">3835539-4580</subfield>
    <subfield code="z">v.13:no.37(2011:Sep. 09)</subfield>
  </datafield>
  <datafield tag="955" ind1=" " ind2=" ">
    <subfield code="b">BENT</subfield>
    <subfield code="p">3835539-4590</subfield>
    <subfield code="z">v.13:no.38(2011:Sep. 16)</subfield>
  </datafield>
  <datafield tag="955" ind1=" " ind2=" ">
    <subfield code="b">BENT</subfield>
    <subfield code="p">3835539-4600</subfield>
    <subfield code="z">v.13:no.39(2011:Sep. 23)</subfield>
  </datafield>
  <datafield tag="955" ind1=" " ind2=" ">
    <subfield code="b">BENT</subfield>
    <subfield code="p">3835539-4610</subfield>
    <subfield code="z">v.13:no.40(2011:Sep. 30)</subfield>
  </datafield>
  <datafield tag="955" ind1=" " ind2=" ">
    <subfield code="b">BENT</subfield>
    <subfield code="p">3835539-4620</subfield>
    <subfield code="z">v.13:no.41(2011:Oct. 07)</subfield>
  </datafield>
  <datafield tag="955" ind1=" " ind2=" ">
    <subfield code="b">BENT</subfield>
    <subfield code="p">3835539-4630</subfield>
    <subfield code="z">v.13:no.42(2011:Oct. 14)</subfield>
  </datafield>
  <datafield tag="955" ind1=" " ind2=" ">
    <subfield code="b">BENT</subfield>
    <subfield code="p">3835539-4640</subfield>
    <subfield code="z">v.13:no.43(2011:Oct. 23)</subfield>
  </datafield>
  <datafield tag="955" ind1=" " ind2=" ">
    <subfield code="b">BENT</subfield>
    <subfield code="p">3835539-4650</subfield>
    <subfield code="z">v.13:no.44(2011:Oct. 28)</subfield>
  </datafield>
  <datafield tag="955" ind1=" " ind2=" ">
    <subfield code="b">BENT</subfield>
    <subfield code="p">3835539-4660</subfield>
    <subfield code="z">v.13:no.45(2011:Nov. 04)</subfield>
  </datafield>
  <datafield tag="955" ind1=" " ind2=" ">
    <subfield code="b">BENT</subfield>
    <subfield code="p">3835539-4670</subfield>
    <subfield code="z">v.13:no.46(2011:Nov. 11)</subfield>
  </datafield>
  <datafield tag="955" ind1=" " ind2=" ">
    <subfield code="b">BENT</subfield>
    <subfield code="p">3835539-4680</subfield>
    <subfield code="z">v.13:no.47(2011:Nov. 18)</subfield>
  </datafield>
  <datafield tag="955" ind1=" " ind2=" ">
    <subfield code="b">BENT</subfield>
    <subfield code="p">3835539-4690</subfield>
    <subfield code="z">v.13:no.48(2011:Nov. 25)</subfield>
  </datafield>
  <datafield tag="955" ind1=" " ind2=" ">
    <subfield code="b">BENT</subfield>
    <subfield code="p">3835539-4700</subfield>
    <subfield code="z">v.13:no.49(2011:Dec. 02)</subfield>
  </datafield>
  <datafield tag="955" ind1=" " ind2=" ">
    <subfield code="b">BENT</subfield>
    <subfield code="p">3835539-4710</subfield>
    <subfield code="z">v.13:no.50(2011:Dec. 09)</subfield>
  </datafield>
  <datafield tag="955" ind1=" " ind2=" ">
    <subfield code="b">BENT</subfield>
    <subfield code="p">3835539-4720</subfield>
    <subfield code="z">v.13:no.51(2011:Dec. 16)</subfield>
  </datafield>
  <datafield tag="955" ind1=" " ind2=" ">
    <subfield code="b">BENT</subfield>
    <subfield code="p">3835539-4730</subfield>
    <subfield code="z">v.13:no.52(2011:Dec. 23)</subfield>
  </datafield>
  <datafield tag="955" ind1=" " ind2=" ">
    <subfield code="b">BENT</subfield>
    <subfield code="p">3835539-4740</subfield>
    <subfield code="z">v.13:no.53(2011:Dec. 30)</subfield>
  </datafield>
  <datafield tag="955" ind1=" " ind2=" ">
    <subfield code="b">BENT</subfield>
    <subfield code="p">3835539-4750</subfield>
    <subfield code="z">v.14:no.1(2011:Dec. 30/2012:Jan. 05)</subfield>
  </datafield>
  <datafield tag="955" ind1=" " ind2=" ">
    <subfield code="b">BENT</subfield>
    <subfield code="p">3835539-4760</subfield>
    <subfield code="z">v.14:no.2(2012:Jan. 6)</subfield>
  </datafield>
  <datafield tag="955" ind1=" " ind2=" ">
    <subfield code="b">BENT</subfield>
    <subfield code="p">3835539-4770</subfield>
    <subfield code="z">v.14:no.3(2012:Jan. 13)</subfield>
  </datafield>
  <datafield tag="955" ind1=" " ind2=" ">
    <subfield code="b">BENT</subfield>
    <subfield code="p">3835539-4780</subfield>
    <subfield code="z">v.14:no.4(2012:Jan. 20)</subfield>
  </datafield>
  <datafield tag="955" ind1=" " ind2=" ">
    <subfield code="b">BENT</subfield>
    <subfield code="p">3835539-4790</subfield>
    <subfield code="z">v.14:no.5(2012:Jan. 27)</subfield>
  </datafield>
  <datafield tag="955" ind1=" " ind2=" ">
    <subfield code="b">BENT</subfield>
    <subfield code="p">3835539-4800</subfield>
    <subfield code="z">v.14:no.6(2012:Feb. 3)</subfield>
  </datafield>
  <datafield tag="955" ind1=" " ind2=" ">
    <subfield code="b">BENT</subfield>
    <subfield code="p">3835539-4810</subfield>
    <subfield code="z">v.14:no.7(2012:Feb. 10)</subfield>
  </datafield>
  <datafield tag="955" ind1=" " ind2=" ">
    <subfield code="b">BENT</subfield>
    <subfield code="p">3835539-4820</subfield>
    <subfield code="z">v.14:no.8(2012:Feb. 17)</subfield>
  </datafield>
  <datafield tag="955" ind1=" " ind2=" ">
    <subfield code="b">BENT</subfield>
    <subfield code="p">3835539-4830</subfield>
    <subfield code="z">v.14:no.9(2012:Feb. 24)</subfield>
  </datafield>
  <datafield tag="955" ind1=" " ind2=" ">
    <subfield code="b">BENT</subfield>
    <subfield code="p">3835539-4840</subfield>
    <subfield code="z">v.14:no.10(2012:Mar. 03)</subfield>
  </datafield>
  <datafield tag="955" ind1=" " ind2=" ">
    <subfield code="b">BENT</subfield>
    <subfield code="p">3835539-4850</subfield>
    <subfield code="z">v.14:no.11(2012:Mar. 10)</subfield>
  </datafield>
  <datafield tag="955" ind1=" " ind2=" ">
    <subfield code="b">BENT</subfield>
    <subfield code="p">3835539-4860</subfield>
    <subfield code="z">v.14:no.12(2012:Mar. 17)</subfield>
  </datafield>
  <datafield tag="955" ind1=" " ind2=" ">
    <subfield code="b">BENT</subfield>
    <subfield code="p">3835539-4870</subfield>
    <subfield code="z">v.14:no.13(2012:Mar. 24)</subfield>
  </datafield>
  <datafield tag="955" ind1=" " ind2=" ">
    <subfield code="b">BENT</subfield>
    <subfield code="p">3835539-4880</subfield>
    <subfield code="z">v.14:no.14(2012:Mar. 31)</subfield>
  </datafield>
  <datafield tag="955" ind1=" " ind2=" ">
    <subfield code="b">BENT</subfield>
    <subfield code="p">3835539-4890</subfield>
    <subfield code="z">v.14:no.15(2012:April 7)</subfield>
  </datafield>
  <datafield tag="955" ind1=" " ind2=" ">
    <subfield code="b">BENT</subfield>
    <subfield code="p">3835539-4900</subfield>
    <subfield code="z">v.14:no.16(2012:April 13)</subfield>
  </datafield>
  <datafield tag="955" ind1=" " ind2=" ">
    <subfield code="b">BENT</subfield>
    <subfield code="p">3835539-4910</subfield>
    <subfield code="z">v.14:no.17(2012:April 23)</subfield>
  </datafield>
  <datafield tag="955" ind1=" " ind2=" ">
    <subfield code="b">BENT</subfield>
    <subfield code="p">3835539-4920</subfield>
    <subfield code="z">v.14:no.18(2012:Apr. 30)</subfield>
  </datafield>
  <datafield tag="955" ind1=" " ind2=" ">
    <subfield code="b">BENT</subfield>
    <subfield code="p">3835539-4930</subfield>
    <subfield code="z">v.14:no.19(2012:May 3)</subfield>
  </datafield>
  <datafield tag="955" ind1=" " ind2=" ">
    <subfield code="b">BENT</subfield>
    <subfield code="p">3835539-4940</subfield>
    <subfield code="z">v.14:no.20(2012:May 14)</subfield>
  </datafield>
  <datafield tag="955" ind1=" " ind2=" ">
    <subfield code="b">BENT</subfield>
    <subfield code="p">3835539-4950</subfield>
    <subfield code="z">v.14:no.21(2012:May 23)</subfield>
  </datafield>
  <datafield tag="955" ind1=" " ind2=" ">
    <subfield code="b">BENT</subfield>
    <subfield code="p">3835539-4960</subfield>
    <subfield code="z">v.14:no.22(2012:May 25)</subfield>
  </datafield>
  <datafield tag="955" ind1=" " ind2=" ">
    <subfield code="b">BENT</subfield>
    <subfield code="p">3835539-4970</subfield>
    <subfield code="z">v.14:no.23(2012:Jun. 01)</subfield>
  </datafield>
  <datafield tag="955" ind1=" " ind2=" ">
    <subfield code="b">BENT</subfield>
    <subfield code="p">3835539-4980</subfield>
    <subfield code="z">v.14:no.24(2012:Jun. 8)</subfield>
  </datafield>
  <datafield tag="955" ind1=" " ind2=" ">
    <subfield code="b">BENT</subfield>
    <subfield code="p">3835539-4990</subfield>
    <subfield code="z">v.14:no.25(2012:Jun. 15)</subfield>
  </datafield>
  <datafield tag="955" ind1=" " ind2=" ">
    <subfield code="b">BENT</subfield>
    <subfield code="p">3835539-5000</subfield>
    <subfield code="z">v.14:no.26(2012:Jun. 22)</subfield>
  </datafield>
  <datafield tag="955" ind1=" " ind2=" ">
    <subfield code="b">BENT</subfield>
    <subfield code="p">3835539-5010</subfield>
    <subfield code="z">v.14:no.27(2012:June 29)</subfield>
  </datafield>
  <datafield tag="955" ind1=" " ind2=" ">
    <subfield code="b">BENT</subfield>
    <subfield code="p">3835539-5020</subfield>
    <subfield code="z">v.14:no.29(2012:Jul. 13)</subfield>
  </datafield>
  <datafield tag="955" ind1=" " ind2=" ">
    <subfield code="b">BENT</subfield>
    <subfield code="p">3835539-5030</subfield>
    <subfield code="z">v.14:no.29(2012:Jul. 20)</subfield>
  </datafield>
  <datafield tag="955" ind1=" " ind2=" ">
    <subfield code="b">BENT</subfield>
    <subfield code="p">3835539-5040</subfield>
    <subfield code="z">v.14:no.30(2012:Jul. 27)</subfield>
  </datafield>
  <datafield tag="955" ind1=" " ind2=" ">
    <subfield code="b">BENT</subfield>
    <subfield code="p">3835539-5050</subfield>
    <subfield code="z">v.14:no.31(2012:Aug. 03)</subfield>
  </datafield>
  <datafield tag="955" ind1=" " ind2=" ">
    <subfield code="b">BENT</subfield>
    <subfield code="p">3835539-5060</subfield>
    <subfield code="z">v.14:no.32(2012:Aug. 10)</subfield>
  </datafield>
  <datafield tag="955" ind1=" " ind2=" ">
    <subfield code="b">BENT</subfield>
    <subfield code="p">3835539-5070</subfield>
    <subfield code="z">v.14:no.33(2012:Aug. 17)</subfield>
  </datafield>
  <datafield tag="955" ind1=" " ind2=" ">
    <subfield code="b">BENT</subfield>
    <subfield code="p">3835539-5080</subfield>
    <subfield code="z">v.14:no.34(2012:Aug. 17)</subfield>
  </datafield>
  <datafield tag="955" ind1=" " ind2=" ">
    <subfield code="b">BENT</subfield>
    <subfield code="p">3835539-5090</subfield>
    <subfield code="z">v.14:no.35(2012:Aug. 24)</subfield>
  </datafield>
  <datafield tag="955" ind1=" " ind2=" ">
    <subfield code="b">BENT</subfield>
    <subfield code="p">3835539-5100</subfield>
    <subfield code="z">v.14:no.37(2012:Sep. 07)</subfield>
  </datafield>
  <datafield tag="955" ind1=" " ind2=" ">
    <subfield code="b">BENT</subfield>
    <subfield code="p">3835539-5110</subfield>
    <subfield code="z">v.14:no.38(2012:Sep. 14)</subfield>
  </datafield>
  <datafield tag="955" ind1=" " ind2=" ">
    <subfield code="b">BENT</subfield>
    <subfield code="p">3835539-5120</subfield>
    <subfield code="z">v.14:no.39(2012:Sep. 21)</subfield>
  </datafield>
  <datafield tag="955" ind1=" " ind2=" ">
    <subfield code="b">BENT</subfield>
    <subfield code="p">3835539-5130</subfield>
    <subfield code="z">v.14:no.40(2012:Sep. 28)</subfield>
  </datafield>
  <datafield tag="955" ind1=" " ind2=" ">
    <subfield code="b">BENT</subfield>
    <subfield code="p">3835539-5140</subfield>
    <subfield code="z">v.14:no.41(2012:Oct. 05)</subfield>
  </datafield>
  <datafield tag="955" ind1=" " ind2=" ">
    <subfield code="b">BENT</subfield>
    <subfield code="p">3835539-5150</subfield>
    <subfield code="z">v.14:no.42(2012:Oct. 12)</subfield>
  </datafield>
  <datafield tag="955" ind1=" " ind2=" ">
    <subfield code="b">BENT</subfield>
    <subfield code="p">3835539-5160</subfield>
    <subfield code="z">v.14:no.43(2012:Oct. 19)</subfield>
  </datafield>
  <datafield tag="955" ind1=" " ind2=" ">
    <subfield code="b">BENT</subfield>
    <subfield code="p">3835539-5170</subfield>
    <subfield code="z">v.14:no.44(2012:Oct. 26)</subfield>
  </datafield>
  <datafield tag="955" ind1=" " ind2=" ">
    <subfield code="b">BENT</subfield>
    <subfield code="p">3835539-5180</subfield>
    <subfield code="z">v.14:no.45(2012:Nov. 02)</subfield>
  </datafield>
  <datafield tag="955" ind1=" " ind2=" ">
    <subfield code="b">BENT</subfield>
    <subfield code="p">3835539-5190</subfield>
    <subfield code="z">v.14:no.46(2012:Nov. 09)</subfield>
  </datafield>
  <datafield tag="955" ind1=" " ind2=" ">
    <subfield code="b">BENT</subfield>
    <subfield code="p">3835539-5200</subfield>
    <subfield code="z">v.14:no.47(2012:Nov. 16)</subfield>
  </datafield>
  <datafield tag="955" ind1=" " ind2=" ">
    <subfield code="b">BENT</subfield>
    <subfield code="p">3835539-5210</subfield>
    <subfield code="z">v.14:no.48(2012:Nov. 23)</subfield>
  </datafield>
  <datafield tag="955" ind1=" " ind2=" ">
    <subfield code="b">BENT</subfield>
    <subfield code="p">3835539-5220</subfield>
    <subfield code="z">v.14:no.49(2012:Nov. 30)</subfield>
  </datafield>
  <datafield tag="955" ind1=" " ind2=" ">
    <subfield code="b">BENT</subfield>
    <subfield code="p">3835539-5230</subfield>
    <subfield code="z">v.14:no.50(2012:Dec. 07)</subfield>
  </datafield>
  <datafield tag="955" ind1=" " ind2=" ">
    <subfield code="b">BENT</subfield>
    <subfield code="p">3835539-5240</subfield>
    <subfield code="z">v.14:no.51(2012:Dec. 14)</subfield>
  </datafield>
  <datafield tag="955" ind1=" " ind2=" ">
    <subfield code="b">BENT</subfield>
    <subfield code="p">3835539-5250</subfield>
    <subfield code="z">v.14:no.52(2012:Dec. 21)</subfield>
  </datafield>
  <datafield tag="955" ind1=" " ind2=" ">
    <subfield code="b">BENT</subfield>
    <subfield code="p">3835539-5260</subfield>
    <subfield code="z">v.14:no.53(2012:Dec. 28)</subfield>
  </datafield>
  <datafield tag="955" ind1=" " ind2=" ">
    <subfield code="b">BENT</subfield>
    <subfield code="p">3835539-5290</subfield>
    <subfield code="z">v.15:no.2(2013:Jan. 04)</subfield>
  </datafield>
  <datafield tag="955" ind1=" " ind2=" ">
    <subfield code="b">BENT</subfield>
    <subfield code="p">3835539-5300</subfield>
    <subfield code="z">v.15:no.3(2013:Jan. 11)</subfield>
  </datafield>
  <datafield tag="955" ind1=" " ind2=" ">
    <subfield code="b">BENT</subfield>
    <subfield code="p">3835539-5310</subfield>
    <subfield code="z">v.15:no.4(2013:Jan. 18)</subfield>
  </datafield>
  <datafield tag="955" ind1=" " ind2=" ">
    <subfield code="b">BENT</subfield>
    <subfield code="p">3835539-5320</subfield>
    <subfield code="z">v.15:no.5(2013:Jan. 25)</subfield>
  </datafield>
  <datafield tag="955" ind1=" " ind2=" ">
    <subfield code="b">BENT</subfield>
    <subfield code="p">3835539-5330</subfield>
    <subfield code="z">v.15:no.6(2013:Feb. 01)</subfield>
  </datafield>
  <datafield tag="955" ind1=" " ind2=" ">
    <subfield code="b">BENT</subfield>
    <subfield code="p">3835539-5350</subfield>
    <subfield code="z">v.15:no.8(2013:Feb. 15)</subfield>
  </datafield>
  <datafield tag="955" ind1=" " ind2=" ">
    <subfield code="b">BENT</subfield>
    <subfield code="p">3835539-5360</subfield>
    <subfield code="z">v.15:no.9(2013:Feb. 22)</subfield>
  </datafield>
  <datafield tag="955" ind1=" " ind2=" ">
    <subfield code="b">BENT</subfield>
    <subfield code="p">3835539-5370</subfield>
    <subfield code="z">v.15:no.10(2013:Mar. 01)</subfield>
  </datafield>
  <datafield tag="955" ind1=" " ind2=" ">
    <subfield code="b">BENT</subfield>
    <subfield code="p">3835539-5380</subfield>
    <subfield code="z">v.15:no.11(2013:Mar. 08)</subfield>
  </datafield>
  <datafield tag="955" ind1=" " ind2=" ">
    <subfield code="b">BENT</subfield>
    <subfield code="p">3835539-5390</subfield>
    <subfield code="z">v.15:no.12(2013:Mar. 15)</subfield>
  </datafield>
  <datafield tag="955" ind1=" " ind2=" ">
    <subfield code="b">BENT</subfield>
    <subfield code="p">3835539-5400</subfield>
    <subfield code="z">v.15:no.13(2013:Mar. 22)</subfield>
  </datafield>
  <datafield tag="955" ind1=" " ind2=" ">
    <subfield code="b">BENT</subfield>
    <subfield code="p">3835539-5410</subfield>
    <subfield code="z">v.15:no.14(2013:Mar. 29)</subfield>
  </datafield>
  <datafield tag="955" ind1=" " ind2=" ">
    <subfield code="b">BENT</subfield>
    <subfield code="p">3835539-5420</subfield>
    <subfield code="z">v.15:no.15(2013:April 05)</subfield>
  </datafield>
  <datafield tag="955" ind1=" " ind2=" ">
    <subfield code="b">BENT</subfield>
    <subfield code="p">3835539-5430</subfield>
    <subfield code="z">v.15:no.16(2013:April 12)</subfield>
  </datafield>
  <datafield tag="955" ind1=" " ind2=" ">
    <subfield code="b">BENT</subfield>
    <subfield code="p">3835539-5440</subfield>
    <subfield code="z">v.15:no.17(2013:April 19)</subfield>
  </datafield>
  <datafield tag="955" ind1=" " ind2=" ">
    <subfield code="b">BENT</subfield>
    <subfield code="p">3835539-5450</subfield>
    <subfield code="z">v.15:no.18(2013:April 26)</subfield>
  </datafield>
  <datafield tag="955" ind1=" " ind2=" ">
    <subfield code="b">BENT</subfield>
    <subfield code="p">3835539-5460</subfield>
    <subfield code="z">v.15:no.19(2013:May 03)</subfield>
  </datafield>
  <datafield tag="955" ind1=" " ind2=" ">
    <subfield code="b">BENT</subfield>
    <subfield code="p">3835539-5470</subfield>
    <subfield code="z">v.15:no.20(2013:May 10)</subfield>
  </datafield>
  <datafield tag="955" ind1=" " ind2=" ">
    <subfield code="b">BENT</subfield>
    <subfield code="p">3835539-5480</subfield>
    <subfield code="z">v.15:no.21(2013:May 17)</subfield>
  </datafield>
  <datafield tag="955" ind1=" " ind2=" ">
    <subfield code="b">BENT</subfield>
    <subfield code="p">3835539-5490</subfield>
    <subfield code="z">v.15:no.22(2013:May 24)</subfield>
  </datafield>
  <datafield tag="955" ind1=" " ind2=" ">
    <subfield code="b">BENT</subfield>
    <subfield code="p">3835539-5500</subfield>
    <subfield code="z">v.15:no.23(2013:May 31)</subfield>
  </datafield>
  <datafield tag="955" ind1=" " ind2=" ">
    <subfield code="b">BENT</subfield>
    <subfield code="p">3835539-5510</subfield>
    <subfield code="z">v.15:no.24(2013:Jun. 07)</subfield>
  </datafield>
  <datafield tag="955" ind1=" " ind2=" ">
    <subfield code="b">BENT</subfield>
    <subfield code="p">3835539-5520</subfield>
    <subfield code="z">v.15:no.25(2013:Jun. 14)</subfield>
  </datafield>
  <datafield tag="955" ind1=" " ind2=" ">
    <subfield code="b">BENT</subfield>
    <subfield code="p">3835539-5530</subfield>
    <subfield code="z">v.15:no.26(2013:Jun. 21)</subfield>
  </datafield>
  <datafield tag="955" ind1=" " ind2=" ">
    <subfield code="b">BENT</subfield>
    <subfield code="p">3835539-5540</subfield>
    <subfield code="z">v.15:no.27(2013:Jun. 27)</subfield>
  </datafield>
  <datafield tag="955" ind1=" " ind2=" ">
    <subfield code="b">BENT</subfield>
    <subfield code="p">3835539-5550</subfield>
    <subfield code="z">v.15:no.28(2013:Jul. 04)</subfield>
  </datafield>
  <datafield tag="955" ind1=" " ind2=" ">
    <subfield code="b">BENT</subfield>
    <subfield code="p">3835539-5560</subfield>
    <subfield code="z">v.15:no.29(2013:Jul. 12)</subfield>
  </datafield>
  <datafield tag="955" ind1=" " ind2=" ">
    <subfield code="b">BENT</subfield>
    <subfield code="p">3835539-5570</subfield>
    <subfield code="z">v.15:no.30(2013:Jul. 19)</subfield>
  </datafield>
  <datafield tag="955" ind1=" " ind2=" ">
    <subfield code="b">BENT</subfield>
    <subfield code="p">3835539-5580</subfield>
    <subfield code="z">v.15:no.31(2013:Jul. 26)</subfield>
  </datafield>
  <datafield tag="955" ind1=" " ind2=" ">
    <subfield code="b">BENT</subfield>
    <subfield code="p">3835539-5590</subfield>
    <subfield code="z">v.15:no.32(2013:Aug. 02)</subfield>
  </datafield>
  <datafield tag="955" ind1=" " ind2=" ">
    <subfield code="b">BENT</subfield>
    <subfield code="p">3835539-5600</subfield>
    <subfield code="z">v.15:no.33(2013:Aug. 09)</subfield>
  </datafield>
  <datafield tag="955" ind1=" " ind2=" ">
    <subfield code="b">BENT</subfield>
    <subfield code="p">3835539-5610</subfield>
    <subfield code="z">v.15:no.34(2013:Aug. 16)</subfield>
  </datafield>
  <datafield tag="955" ind1=" " ind2=" ">
    <subfield code="b">BENT</subfield>
    <subfield code="p">3835539-5620</subfield>
    <subfield code="z">v.15:no.35(2013:Aug. 23)</subfield>
  </datafield>
  <datafield tag="955" ind1=" " ind2=" ">
    <subfield code="b">BENT</subfield>
    <subfield code="p">3835539-5630</subfield>
    <subfield code="z">v.15:no.36(2013:Aug. 30)</subfield>
  </datafield>
  <datafield tag="955" ind1=" " ind2=" ">
    <subfield code="b">BENT</subfield>
    <subfield code="p">3835539-5640</subfield>
    <subfield code="z">v.15:no.37(2013:Sep. 06)</subfield>
  </datafield>
  <datafield tag="955" ind1=" " ind2=" ">
    <subfield code="b">BENT</subfield>
    <subfield code="p">3835539-5650</subfield>
    <subfield code="z">v.15:no.38(2013:Sep. 13)</subfield>
  </datafield>
  <datafield tag="955" ind1=" " ind2=" ">
    <subfield code="b">BENT</subfield>
    <subfield code="p">3835539-5660</subfield>
    <subfield code="z">v.15:no.39(2013:Sep. 20)</subfield>
  </datafield>
  <datafield tag="955" ind1=" " ind2=" ">
    <subfield code="b">BENT</subfield>
    <subfield code="p">3835539-5670</subfield>
    <subfield code="z">v.15:no.40(2013:Sep. 27)</subfield>
  </datafield>
  <datafield tag="955" ind1=" " ind2=" ">
    <subfield code="b">BENT</subfield>
    <subfield code="p">3835539-5680</subfield>
    <subfield code="z">v.15:no.41(2013:Oct. 04)</subfield>
  </datafield>
  <datafield tag="955" ind1=" " ind2=" ">
    <subfield code="b">BENT</subfield>
    <subfield code="p">3835539-5690</subfield>
    <subfield code="z">v.15:no.42(2013:Oct. 11)</subfield>
  </datafield>
  <datafield tag="955" ind1=" " ind2=" ">
    <subfield code="b">BENT</subfield>
    <subfield code="p">3835539-5700</subfield>
    <subfield code="z">v.15:no.43(2013:Oct. 18)</subfield>
  </datafield>
  <datafield tag="955" ind1=" " ind2=" ">
    <subfield code="b">BENT</subfield>
    <subfield code="p">3835539-5710</subfield>
    <subfield code="z">v.15:no.44(2013:Oct. 25)</subfield>
  </datafield>
  <datafield tag="955" ind1=" " ind2=" ">
    <subfield code="b">BENT</subfield>
    <subfield code="p">3835539-5720</subfield>
    <subfield code="z">v.15:no.45(2013:Nov. 01)</subfield>
  </datafield>
  <datafield tag="955" ind1=" " ind2=" ">
    <subfield code="b">BENT</subfield>
    <subfield code="p">3835539-5730</subfield>
    <subfield code="z">v.15:no.46(2013:Nov. 08)</subfield>
  </datafield>
  <datafield tag="955" ind1=" " ind2=" ">
    <subfield code="b">BENT</subfield>
    <subfield code="p">3835539-5740</subfield>
    <subfield code="z">v.15:no.47(2013:Nov. 15)</subfield>
  </datafield>
  <datafield tag="955" ind1=" " ind2=" ">
    <subfield code="b">BENT</subfield>
    <subfield code="p">3835539-5750</subfield>
    <subfield code="z">v.15:no.48(2013:Nov. 22)</subfield>
  </datafield>
  <datafield tag="955" ind1=" " ind2=" ">
    <subfield code="b">BENT</subfield>
    <subfield code="p">3835539-5760</subfield>
    <subfield code="z">v.15:no.49(2013:Nov. 29)</subfield>
  </datafield>
  <datafield tag="955" ind1=" " ind2=" ">
    <subfield code="b">BENT</subfield>
    <subfield code="p">3835539-5770</subfield>
    <subfield code="z">v.15:no.50(2013:Dec. 06)</subfield>
  </datafield>
  <datafield tag="955" ind1=" " ind2=" ">
    <subfield code="b">BENT</subfield>
    <subfield code="p">3835539-5780</subfield>
    <subfield code="z">v.15:no.51(2013:Dec. 13)</subfield>
  </datafield>
  <datafield tag="955" ind1=" " ind2=" ">
    <subfield code="b">BENT</subfield>
    <subfield code="p">3835539-5790</subfield>
    <subfield code="z">v.15:no.52(2013:Dec. 20)</subfield>
  </datafield>
  <datafield tag="955" ind1=" " ind2=" ">
    <subfield code="b">BENT</subfield>
    <subfield code="p">3835539-5800</subfield>
    <subfield code="z">v.15:no.53(2013:Dec. 27)</subfield>
  </datafield>
  <datafield tag="955" ind1=" " ind2=" ">
    <subfield code="b">BENT</subfield>
    <subfield code="p">3835539-5850</subfield>
    <subfield code="z">v.14:no.54(2013:Jan. 04)</subfield>
  </datafield>
  <datafield tag="955" ind1=" " ind2=" ">
    <subfield code="b">BENT</subfield>
    <subfield code="p">3835539-5880</subfield>
    <subfield code="z">v.14:no.57(2013:Jan. 25)</subfield>
  </datafield>
  <datafield tag="955" ind1=" " ind2=" ">
    <subfield code="b">BENT</subfield>
    <subfield code="p">3835539-5890</subfield>
    <subfield code="z">v.14:no.58(2013:Feb. 01)</subfield>
  </datafield>
  <datafield tag="955" ind1=" " ind2=" ">
    <subfield code="b">BENT</subfield>
    <subfield code="p">3835539-5900</subfield>
    <subfield code="z">v.14:no.59(2013:Feb. 08)</subfield>
  </datafield>
  <datafield tag="955" ind1=" " ind2=" ">
    <subfield code="b">BENT</subfield>
    <subfield code="p">3835539-6330</subfield>
    <subfield code="z">v.15:no.1(2012:Dec. 28)</subfield>
  </datafield>
  <datafield tag="955" ind1=" " ind2=" ">
    <subfield code="b">BENT</subfield>
    <subfield code="p">3835539-6440</subfield>
    <subfield code="z">v.15:no.12(2014:Feb. 21)</subfield>
  </datafield>
  <datafield tag="955" ind1=" " ind2=" ">
    <subfield code="b">BENT</subfield>
    <subfield code="p">3835539-6450</subfield>
    <subfield code="z">v.15:no.13(2014:Feb. 28)</subfield>
  </datafield>
  <datafield tag="955" ind1=" " ind2=" ">
    <subfield code="b">BENT</subfield>
    <subfield code="p">3835539-6460</subfield>
    <subfield code="z">v.15:no.14(2014:Mar. 07)</subfield>
  </datafield>
  <datafield tag="955" ind1=" " ind2=" ">
    <subfield code="b">BENT</subfield>
    <subfield code="p">3835539-6880</subfield>
    <subfield code="z">v.15:no.4(2014:Jan. 18)</subfield>
  </datafield>
  <datafield tag="955" ind1=" " ind2=" ">
    <subfield code="b">BENT</subfield>
    <subfield code="p">3835539-7950</subfield>
    <subfield code="z">v.15:no.7(2013:Feb. 08)</subfield>
  </datafield>
  <datafield tag="955" ind1=" " ind2=" ">
    <subfield code="b">BENT</subfield>
    <subfield code="p">3835539-8420</subfield>
    <subfield code="z">v.16:no.2(2014:Jan. 03)</subfield>
  </datafield>
  <datafield tag="955" ind1=" " ind2=" ">
    <subfield code="b">BENT</subfield>
    <subfield code="p">3835539-8430</subfield>
    <subfield code="z">v.16:no.3(2014:Jan. 10)</subfield>
  </datafield>
  <datafield tag="955" ind1=" " ind2=" ">
    <subfield code="b">BENT</subfield>
    <subfield code="p">3835539-8440</subfield>
    <subfield code="z">v.16:no.4(2014:Jan. 17)</subfield>
  </datafield>
  <datafield tag="955" ind1=" " ind2=" ">
    <subfield code="b">BENT</subfield>
    <subfield code="p">3835539-8450</subfield>
    <subfield code="z">v.16:no.5(2014:Jan. 24)</subfield>
  </datafield>
  <datafield tag="955" ind1=" " ind2=" ">
    <subfield code="b">BENT</subfield>
    <subfield code="p">3835539-8460</subfield>
    <subfield code="z">v.16:no.6(2014:Jan. 31)</subfield>
  </datafield>
  <datafield tag="955" ind1=" " ind2=" ">
    <subfield code="b">BENT</subfield>
    <subfield code="p">3835539-8470</subfield>
    <subfield code="z">v.16:no.7(2014:Feb. 07)</subfield>
  </datafield>
  <datafield tag="955" ind1=" " ind2=" ">
    <subfield code="b">BENT</subfield>
    <subfield code="p">3835539-8480</subfield>
    <subfield code="z">v.16:no.8(2014:Feb. 14)</subfield>
  </datafield>
  <datafield tag="955" ind1=" " ind2=" ">
    <subfield code="b">BENT</subfield>
    <subfield code="p">3835539-8490</subfield>
    <subfield code="z">v.16:no.9(2014:Feb. 20)</subfield>
  </datafield>
  <datafield tag="955" ind1=" " ind2=" ">
    <subfield code="b">BENT</subfield>
    <subfield code="p">3835539-8500</subfield>
    <subfield code="z">v.16:no.10(2014:Feb. 28)</subfield>
  </datafield>
  <datafield tag="955" ind1=" " ind2=" ">
    <subfield code="b">BENT</subfield>
    <subfield code="p">3835539-8510</subfield>
    <subfield code="z">v.16:no.11(2014:Mar. 07)</subfield>
  </datafield>
  <datafield tag="955" ind1=" " ind2=" ">
    <subfield code="b">BENT</subfield>
    <subfield code="p">3835539-8520</subfield>
    <subfield code="z">v.16:no.12(2014:Mar. 14)</subfield>
  </datafield>
  <datafield tag="955" ind1=" " ind2=" ">
    <subfield code="b">BENT</subfield>
    <subfield code="p">3835539-8530</subfield>
    <subfield code="z">v.16:no.13(2014:Mar. 21)</subfield>
  </datafield>
  <datafield tag="955" ind1=" " ind2=" ">
    <subfield code="b">BENT</subfield>
    <subfield code="p">3835539-8540</subfield>
    <subfield code="z">v.16:no.14(2014:Mar. 28)</subfield>
  </datafield>
  <datafield tag="955" ind1=" " ind2=" ">
    <subfield code="b">BENT</subfield>
    <subfield code="p">3835539-8550</subfield>
    <subfield code="z">v.16:no.15(2014:April 04)</subfield>
  </datafield>
  <datafield tag="955" ind1=" " ind2=" ">
    <subfield code="b">BENT</subfield>
    <subfield code="p">3835539-8560</subfield>
    <subfield code="z">v.16:no.16(2014:April 11)</subfield>
  </datafield>
  <datafield tag="955" ind1=" " ind2=" ">
    <subfield code="b">BENT</subfield>
    <subfield code="p">3835539-8570</subfield>
    <subfield code="z">v.16:no.17(2014:April 18)</subfield>
  </datafield>
  <datafield tag="955" ind1=" " ind2=" ">
    <subfield code="b">BENT</subfield>
    <subfield code="p">3835539-8580</subfield>
    <subfield code="z">v.16:no.18(2014:April 25)</subfield>
  </datafield>
  <datafield tag="955" ind1=" " ind2=" ">
    <subfield code="b">BENT</subfield>
    <subfield code="p">3835539-8590</subfield>
    <subfield code="z">v.16:no.19(2014:May 02)</subfield>
  </datafield>
  <datafield tag="955" ind1=" " ind2=" ">
    <subfield code="b">BENT</subfield>
    <subfield code="p">3835539-8600</subfield>
    <subfield code="z">v.16:no.20(2014:May 09)</subfield>
  </datafield>
  <datafield tag="955" ind1=" " ind2=" ">
    <subfield code="b">BENT</subfield>
    <subfield code="p">3835539-8610</subfield>
    <subfield code="z">v.16:no.21(2014:May 16)</subfield>
  </datafield>
  <datafield tag="955" ind1=" " ind2=" ">
    <subfield code="b">BENT</subfield>
    <subfield code="p">3835539-8620</subfield>
    <subfield code="z">v.16:no.22(2014:May 23)</subfield>
  </datafield>
  <datafield tag="955" ind1=" " ind2=" ">
    <subfield code="b">BENT</subfield>
    <subfield code="p">3835539-8630</subfield>
    <subfield code="z">v.16:no.23(2014:May 30)</subfield>
  </datafield>
  <datafield tag="955" ind1=" " ind2=" ">
    <subfield code="b">BENT</subfield>
    <subfield code="p">3835539-8640</subfield>
    <subfield code="z">v.16:no.24(2014:Jun. 06)</subfield>
  </datafield>
  <datafield tag="955" ind1=" " ind2=" ">
    <subfield code="b">BENT</subfield>
    <subfield code="p">3835539-8650</subfield>
    <subfield code="z">v.16:no.25(2014:Jun. 13)</subfield>
  </datafield>
  <datafield tag="955" ind1=" " ind2=" ">
    <subfield code="b">BENT</subfield>
    <subfield code="p">3835539-8660</subfield>
    <subfield code="z">v.16:no.26(2014:Jun. 20)</subfield>
  </datafield>
  <datafield tag="955" ind1=" " ind2=" ">
    <subfield code="b">BENT</subfield>
    <subfield code="p">3835539-8670</subfield>
    <subfield code="z">v.16:no.27(2014:Jun. 27)</subfield>
  </datafield>
  <datafield tag="955" ind1=" " ind2=" ">
    <subfield code="b">BENT</subfield>
    <subfield code="p">3835539-8680</subfield>
    <subfield code="z">v.16:no.28(2014:Jul. 04)</subfield>
  </datafield>
  <datafield tag="955" ind1=" " ind2=" ">
    <subfield code="b">BENT</subfield>
    <subfield code="p">3835539-8690</subfield>
    <subfield code="z">v.16:no.29(2014:Jul. 11)</subfield>
  </datafield>
  <datafield tag="955" ind1=" " ind2=" ">
    <subfield code="b">BENT</subfield>
    <subfield code="p">3835539-8700</subfield>
    <subfield code="z">v.16:no.30(2014:Jul. 18)</subfield>
  </datafield>
  <datafield tag="955" ind1=" " ind2=" ">
    <subfield code="b">BENT</subfield>
    <subfield code="p">3835539-8710</subfield>
    <subfield code="z">v.16:no.31(2014:Jul. 25)</subfield>
  </datafield>
  <datafield tag="955" ind1=" " ind2=" ">
    <subfield code="b">BENT</subfield>
    <subfield code="p">3835539-8720</subfield>
    <subfield code="z">v.16:no.32(2014:Aug. 01)</subfield>
  </datafield>
  <datafield tag="955" ind1=" " ind2=" ">
    <subfield code="b">BENT</subfield>
    <subfield code="p">3835539-8730</subfield>
    <subfield code="z">v.16:no.33(2014:Aug. 08)</subfield>
  </datafield>
  <datafield tag="955" ind1=" " ind2=" ">
    <subfield code="b">BENT</subfield>
    <subfield code="p">3835539-8740</subfield>
    <subfield code="z">v.16:no.34(2014:Aug. 15)</subfield>
  </datafield>
  <datafield tag="955" ind1=" " ind2=" ">
    <subfield code="b">BENT</subfield>
    <subfield code="p">3835539-8750</subfield>
    <subfield code="z">v.16:no.35(2014:Aug. 22)</subfield>
  </datafield>
  <datafield tag="955" ind1=" " ind2=" ">
    <subfield code="b">BENT</subfield>
    <subfield code="p">3835539-8760</subfield>
    <subfield code="z">v.16:no.36(2014:Aug. 29)</subfield>
  </datafield>
  <datafield tag="955" ind1=" " ind2=" ">
    <subfield code="b">BENT</subfield>
    <subfield code="p">3835539-8770</subfield>
    <subfield code="z">v.16:no.37(2014:Sep. 05)</subfield>
  </datafield>
  <datafield tag="955" ind1=" " ind2=" ">
    <subfield code="b">BENT</subfield>
    <subfield code="p">3835539-8780</subfield>
    <subfield code="z">v.16:no.38(2014:Sep. 12)</subfield>
  </datafield>
  <datafield tag="955" ind1=" " ind2=" ">
    <subfield code="b">BENT</subfield>
    <subfield code="p">3835539-8790</subfield>
    <subfield code="z">v.16:no.39(2014:Sep. 19)</subfield>
  </datafield>
  <datafield tag="955" ind1=" " ind2=" ">
    <subfield code="b">BENT</subfield>
    <subfield code="p">3835539-8800</subfield>
    <subfield code="z">v.16:no.40(2014:Sep. 26)</subfield>
  </datafield>
  <datafield tag="955" ind1=" " ind2=" ">
    <subfield code="b">BENT</subfield>
    <subfield code="p">3835539-8810</subfield>
    <subfield code="z">v.16:no.41(2014:Oct. 03)</subfield>
  </datafield>
  <datafield tag="955" ind1=" " ind2=" ">
    <subfield code="b">BENT</subfield>
    <subfield code="p">3835539-8820</subfield>
    <subfield code="z">v.16:no.42(2014:Oct. 10)</subfield>
  </datafield>
  <datafield tag="955" ind1=" " ind2=" ">
    <subfield code="b">BENT</subfield>
    <subfield code="p">3835539-8830</subfield>
    <subfield code="z">v.16:no.43(2014:Oct. 17)</subfield>
  </datafield>
  <datafield tag="955" ind1=" " ind2=" ">
    <subfield code="b">BENT</subfield>
    <subfield code="p">3835539-8840</subfield>
    <subfield code="z">v.16:no.44(2014:Oct. 24)</subfield>
  </datafield>
  <datafield tag="955" ind1=" " ind2=" ">
    <subfield code="b">BENT</subfield>
    <subfield code="p">3835539-8850</subfield>
    <subfield code="z">v.16:no.45(2014:Oct. 31)</subfield>
  </datafield>
  <datafield tag="955" ind1=" " ind2=" ">
    <subfield code="b">BENT</subfield>
    <subfield code="p">3835539-8860</subfield>
    <subfield code="z">v.16:no.46(2014:Nov. 07)</subfield>
  </datafield>
  <datafield tag="955" ind1=" " ind2=" ">
    <subfield code="b">BENT</subfield>
    <subfield code="p">3835539-8870</subfield>
    <subfield code="z">v.16:no.47(2014:Nov. 14)</subfield>
  </datafield>
  <datafield tag="955" ind1=" " ind2=" ">
    <subfield code="b">BENT</subfield>
    <subfield code="p">3835539-8880</subfield>
    <subfield code="z">v.16:no.48(2014:Nov. 21)</subfield>
  </datafield>
  <datafield tag="955" ind1=" " ind2=" ">
    <subfield code="b">BENT</subfield>
    <subfield code="p">3835539-8890</subfield>
    <subfield code="z">v.16:no.49(2014:Nov. 28)</subfield>
  </datafield>
  <datafield tag="955" ind1=" " ind2=" ">
    <subfield code="b">BENT</subfield>
    <subfield code="p">3835539-8900</subfield>
    <subfield code="z">v.16:no.50(2014:Dec. 05)</subfield>
  </datafield>
  <datafield tag="955" ind1=" " ind2=" ">
    <subfield code="b">BENT</subfield>
    <subfield code="p">3835539-8910</subfield>
    <subfield code="z">v.16:no.51(2014:Dec. 12)</subfield>
  </datafield>
  <datafield tag="955" ind1=" " ind2=" ">
    <subfield code="b">BENT</subfield>
    <subfield code="p">3835539-8920</subfield>
    <subfield code="z">v.16:no.52(2014:Dec. 19)</subfield>
  </datafield>
  <datafield tag="955" ind1=" " ind2=" ">
    <subfield code="b">BENT</subfield>
    <subfield code="p">3835539-8970</subfield>
    <subfield code="z">v.17:no.1(2014:Dec. 26)</subfield>
  </datafield>
  <datafield tag="955" ind1=" " ind2=" ">
    <subfield code="b">BENT</subfield>
    <subfield code="p">3835539-8980</subfield>
    <subfield code="z">v.17:no.2(2015:Jan. 02)</subfield>
  </datafield>
  <datafield tag="955" ind1=" " ind2=" ">
    <subfield code="b">BENT</subfield>
    <subfield code="p">3835539-8990</subfield>
    <subfield code="z">v.17:no.3(2015:Jan. 09)</subfield>
  </datafield>
  <datafield tag="955" ind1=" " ind2=" ">
    <subfield code="b">BENT</subfield>
    <subfield code="p">3835539-9000</subfield>
    <subfield code="z">v.17:no.4(2015:Jan. 16)</subfield>
  </datafield>
  <datafield tag="955" ind1=" " ind2=" ">
    <subfield code="b">BENT</subfield>
    <subfield code="p">3835539-9010</subfield>
    <subfield code="z">v.17:no.5(2015:Jan. 23)</subfield>
  </datafield>
  <datafield tag="955" ind1=" " ind2=" ">
    <subfield code="b">BENT</subfield>
    <subfield code="p">3835539-9020</subfield>
    <subfield code="z">v.17:no.6(2015:Jan. 30)</subfield>
  </datafield>
  <datafield tag="955" ind1=" " ind2=" ">
    <subfield code="b">BENT</subfield>
    <subfield code="p">3835539-9030</subfield>
    <subfield code="z">v.17:no.7(2015:Feb. 06)</subfield>
  </datafield>
  <datafield tag="955" ind1=" " ind2=" ">
    <subfield code="b">BENT</subfield>
    <subfield code="p">3835539-9040</subfield>
    <subfield code="z">v.17:no.8(2015:Feb. 13)</subfield>
  </datafield>
  <datafield tag="955" ind1=" " ind2=" ">
    <subfield code="b">BENT</subfield>
    <subfield code="p">3835539-9050</subfield>
    <subfield code="z">v.17:no.9(2015:Feb. 20)</subfield>
  </datafield>
  <datafield tag="955" ind1=" " ind2=" ">
    <subfield code="b">BENT</subfield>
    <subfield code="p">3835539-9060</subfield>
    <subfield code="z">v.17:no.10(2015:Feb. 27)</subfield>
  </datafield>
  <datafield tag="955" ind1=" " ind2=" ">
    <subfield code="b">BENT</subfield>
    <subfield code="p">3835539-9070</subfield>
    <subfield code="z">v.17:no.11(2015:Mar. 06)</subfield>
  </datafield>
  <datafield tag="955" ind1=" " ind2=" ">
    <subfield code="b">BENT</subfield>
    <subfield code="p">3835539-9080</subfield>
    <subfield code="z">v.17:no.12(2015:Mar. 13)</subfield>
  </datafield>
  <datafield tag="955" ind1=" " ind2=" ">
    <subfield code="b">BENT</subfield>
    <subfield code="p">3835539-9090</subfield>
    <subfield code="z">v.17:no.13(2015:Mar. 20)</subfield>
  </datafield>
  <datafield tag="955" ind1=" " ind2=" ">
    <subfield code="b">BENT</subfield>
    <subfield code="p">3835539-9100</subfield>
    <subfield code="z">v.17:no.14(2015:Mar. 27)</subfield>
  </datafield>
  <datafield tag="955" ind1=" " ind2=" ">
    <subfield code="b">BENT</subfield>
    <subfield code="p">3835539-9110</subfield>
    <subfield code="z">v.17:no.15(2015:April 03)</subfield>
  </datafield>
  <datafield tag="955" ind1=" " ind2=" ">
    <subfield code="b">BENT</subfield>
    <subfield code="p">3835539-9120</subfield>
    <subfield code="z">v.17:no.16(2015:April 10)</subfield>
  </datafield>
  <datafield tag="955" ind1=" " ind2=" ">
    <subfield code="b">BENT</subfield>
    <subfield code="p">3835539-9130</subfield>
    <subfield code="z">v.17:no.16(2015:April 17)</subfield>
  </datafield>
  <datafield tag="955" ind1=" " ind2=" ">
    <subfield code="b">BENT</subfield>
    <subfield code="p">3835539-9140</subfield>
    <subfield code="z">v.17:no.17(2015:April 24)</subfield>
  </datafield>
  <datafield tag="955" ind1=" " ind2=" ">
    <subfield code="b">BENT</subfield>
    <subfield code="p">3835539-9150</subfield>
    <subfield code="z">v.17:no.18(2015:May 01)</subfield>
  </datafield>
  <datafield tag="955" ind1=" " ind2=" ">
    <subfield code="b">BENT</subfield>
    <subfield code="p">3835539-9160</subfield>
    <subfield code="z">v.17:no.19(2015:May 08)</subfield>
  </datafield>
  <datafield tag="955" ind1=" " ind2=" ">
    <subfield code="b">BENT</subfield>
    <subfield code="p">3835539-9170</subfield>
    <subfield code="z">v.17:no.20(2015:May 15)</subfield>
  </datafield>
  <datafield tag="955" ind1=" " ind2=" ">
    <subfield code="b">BENT</subfield>
    <subfield code="p">3835539-9180</subfield>
    <subfield code="z">v.17:no.21(2015:May 22)</subfield>
  </datafield>
  <datafield tag="955" ind1=" " ind2=" ">
    <subfield code="b">BENT</subfield>
    <subfield code="p">3835539-9190</subfield>
    <subfield code="z">v.17:no.22(2015:May 29)</subfield>
  </datafield>
  <datafield tag="955" ind1=" " ind2=" ">
    <subfield code="b">BENT</subfield>
    <subfield code="p">3835539-9200</subfield>
    <subfield code="z">v.17:no.24(2015:Jun. 05)</subfield>
  </datafield>
  <datafield tag="955" ind1=" " ind2=" ">
    <subfield code="b">BENT</subfield>
    <subfield code="p">3835539-9210</subfield>
    <subfield code="z">v.17:no.25(2015:Jun. 12)</subfield>
  </datafield>
  <datafield tag="955" ind1=" " ind2=" ">
    <subfield code="b">BENT</subfield>
    <subfield code="p">3835539-9220</subfield>
    <subfield code="z">v.17:no.26(2015:Jun. 19)</subfield>
  </datafield>
  <datafield tag="955" ind1=" " ind2=" ">
    <subfield code="b">BENT</subfield>
    <subfield code="p">3835539-9230</subfield>
    <subfield code="z">v.17:no.27(2015:Jun. 26)</subfield>
  </datafield>
  <datafield tag="955" ind1=" " ind2=" ">
    <subfield code="b">BENT</subfield>
    <subfield code="p">3835539-9240</subfield>
    <subfield code="z">v.17:no.28(2015:Jul. 03)</subfield>
  </datafield>
  <datafield tag="955" ind1=" " ind2=" ">
    <subfield code="b">BENT</subfield>
    <subfield code="p">3835539-9250</subfield>
    <subfield code="z">v.17:no.29(2015:Jul. 10)</subfield>
  </datafield>
  <datafield tag="955" ind1=" " ind2=" ">
    <subfield code="b">BENT</subfield>
    <subfield code="p">3835539-9260</subfield>
    <subfield code="z">v.17:no.30(2015:Jul. 17)</subfield>
  </datafield>
  <datafield tag="955" ind1=" " ind2=" ">
    <subfield code="b">BENT</subfield>
    <subfield code="p">3835539-9270</subfield>
    <subfield code="z">v.17:no.31(2015:Jul. 24)</subfield>
  </datafield>
  <datafield tag="955" ind1=" " ind2=" ">
    <subfield code="b">BENT</subfield>
    <subfield code="p">3835539-9280</subfield>
    <subfield code="z">v.17:no.32(2015:Jul. 31)</subfield>
  </datafield>
  <datafield tag="955" ind1=" " ind2=" ">
    <subfield code="b">BENT</subfield>
    <subfield code="p">3835539-9290</subfield>
    <subfield code="z">v.17:no.33(2015:Aug. 07)</subfield>
  </datafield>
  <datafield tag="955" ind1=" " ind2=" ">
    <subfield code="b">BENT</subfield>
    <subfield code="p">3835539-9300</subfield>
    <subfield code="z">v.17:no.34(2015:Aug. 14)</subfield>
  </datafield>
  <datafield tag="955" ind1=" " ind2=" ">
    <subfield code="b">BENT</subfield>
    <subfield code="p">3835539-9310</subfield>
    <subfield code="z">v.17:no.35(2015:Aug. 21)</subfield>
  </datafield>
  <datafield tag="955" ind1=" " ind2=" ">
    <subfield code="b">BENT</subfield>
    <subfield code="p">3835539-9320</subfield>
    <subfield code="z">v.17:no.36(2015:Aug. 28)</subfield>
  </datafield>
  <datafield tag="955" ind1=" " ind2=" ">
    <subfield code="b">BENT</subfield>
    <subfield code="p">3835539-9330</subfield>
    <subfield code="z">v.17:no.37(2015:Sep. 04)</subfield>
  </datafield>
  <datafield tag="955" ind1=" " ind2=" ">
    <subfield code="b">BENT</subfield>
    <subfield code="p">3835539-9340</subfield>
    <subfield code="z">v.17:no.38(2015:Sep. 11)</subfield>
  </datafield>
  <datafield tag="955" ind1=" " ind2=" ">
    <subfield code="b">BENT</subfield>
    <subfield code="p">3835539-9350</subfield>
    <subfield code="z">v.17:no.39(2015:Sep. 18)</subfield>
  </datafield>
  <datafield tag="955" ind1=" " ind2=" ">
    <subfield code="b">BENT</subfield>
    <subfield code="p">3835539-9360</subfield>
    <subfield code="z">v.17:no.40(2015:Sep. 25)</subfield>
  </datafield>
  <datafield tag="955" ind1=" " ind2=" ">
    <subfield code="b">BENT</subfield>
    <subfield code="p">3835539-9370</subfield>
    <subfield code="z">v.17:no.41(2015:Oct. 02)</subfield>
  </datafield>
  <datafield tag="955" ind1=" " ind2=" ">
    <subfield code="b">BENT</subfield>
    <subfield code="p">3835539-9380</subfield>
    <subfield code="z">v.17:no.42(2015:Oct. 09)</subfield>
  </datafield>
  <datafield tag="955" ind1=" " ind2=" ">
    <subfield code="b">BENT</subfield>
    <subfield code="p">3835539-9390</subfield>
    <subfield code="z">v.17:no.43(2015:Oct. 16)</subfield>
  </datafield>
  <datafield tag="955" ind1=" " ind2=" ">
    <subfield code="b">BENT</subfield>
    <subfield code="p">3835539-9400</subfield>
    <subfield code="z">v.17:no.44(2015:Oct. 23)</subfield>
  </datafield>
  <datafield tag="955" ind1=" " ind2=" ">
    <subfield code="b">BENT</subfield>
    <subfield code="p">3835539-9410</subfield>
    <subfield code="z">v.17:no.45(2015:Oct. 30)</subfield>
  </datafield>
  <datafield tag="955" ind1=" " ind2=" ">
    <subfield code="b">BENT</subfield>
    <subfield code="p">3835539-9420</subfield>
    <subfield code="z">v.17:no.46(2015:Nov. 06)</subfield>
  </datafield>
  <datafield tag="955" ind1=" " ind2=" ">
    <subfield code="b">BENT</subfield>
    <subfield code="p">3835539-9430</subfield>
    <subfield code="z">v.17:no.47(2015:Nov. 13)</subfield>
  </datafield>
  <datafield tag="955" ind1=" " ind2=" ">
    <subfield code="b">BENT</subfield>
    <subfield code="p">3835539-9440</subfield>
    <subfield code="z">v.17:no.48(2015:Nov. 20)</subfield>
  </datafield>
  <datafield tag="955" ind1=" " ind2=" ">
    <subfield code="b">BENT</subfield>
    <subfield code="p">3835539-9450</subfield>
    <subfield code="z">v.17:no.49(2015:Nov. 27)</subfield>
  </datafield>
  <datafield tag="955" ind1=" " ind2=" ">
    <subfield code="b">BENT</subfield>
    <subfield code="p">3835539-9460</subfield>
    <subfield code="z">v.17:no.50(2015:Dec. 04)</subfield>
  </datafield>
  <datafield tag="955" ind1=" " ind2=" ">
    <subfield code="b">BENT</subfield>
    <subfield code="p">3835539-9470</subfield>
    <subfield code="z">v.17:no.51(2015:Dec. 11)</subfield>
  </datafield>
  <datafield tag="955" ind1=" " ind2=" ">
    <subfield code="b">BENT</subfield>
    <subfield code="p">3835539-9480</subfield>
    <subfield code="z">v.17:no.52(2015:Dec. 18)</subfield>
  </datafield>
  <datafield tag="955" ind1=" " ind2=" ">
    <subfield code="b">BENT</subfield>
    <subfield code="p">3835539-9490</subfield>
    <subfield code="z">v.18:no.1(2015:Dec. 25)</subfield>
  </datafield>
  <datafield tag="955" ind1=" " ind2=" ">
    <subfield code="b">BENT</subfield>
    <subfield code="p">3835539-9500</subfield>
    <subfield code="z">v.18:no.2(2016:Jan. 15)</subfield>
  </datafield>
  <datafield tag="955" ind1=" " ind2=" ">
    <subfield code="b">BENT</subfield>
    <subfield code="p">3835539-9510</subfield>
    <subfield code="z">v.18:no.3(2016:Jan. 08)</subfield>
  </datafield>
  <datafield tag="955" ind1=" " ind2=" ">
    <subfield code="b">BENT</subfield>
    <subfield code="p">3835539-9520</subfield>
    <subfield code="z">v.18:no.4(2016:Jan. 15)</subfield>
  </datafield>
  <datafield tag="955" ind1=" " ind2=" ">
    <subfield code="b">BENT</subfield>
    <subfield code="p">3835539-9530</subfield>
    <subfield code="z">v.18:no.5(2016:Jan. 22)</subfield>
  </datafield>
  <datafield tag="955" ind1=" " ind2=" ">
    <subfield code="b">BENT</subfield>
    <subfield code="p">3835539-9540</subfield>
    <subfield code="z">v.18:no.6(2016:Jan. 29)</subfield>
  </datafield>
  <datafield tag="955" ind1=" " ind2=" ">
    <subfield code="b">BENT</subfield>
    <subfield code="p">3835539-9550</subfield>
    <subfield code="z">v.18:no.7(2016:Feb. 05)</subfield>
  </datafield>
  <datafield tag="955" ind1=" " ind2=" ">
    <subfield code="b">BENT</subfield>
    <subfield code="p">3835539-9560</subfield>
    <subfield code="z">v.18:no.8(2016:Feb. 12)</subfield>
  </datafield>
  <datafield tag="955" ind1=" " ind2=" ">
    <subfield code="b">BENT</subfield>
    <subfield code="p">3835539-9570</subfield>
    <subfield code="z">v.18:no.9(2016:Feb. 19)</subfield>
  </datafield>
  <datafield tag="955" ind1=" " ind2=" ">
    <subfield code="b">BENT</subfield>
    <subfield code="p">3835539-9580</subfield>
    <subfield code="z">v.18:no.10(2016:Feb. 26)</subfield>
  </datafield>
  <datafield tag="955" ind1=" " ind2=" ">
    <subfield code="b">BENT</subfield>
    <subfield code="p">3835539-9590</subfield>
    <subfield code="z">v.18:no.11(2016:Mar. 04)</subfield>
  </datafield>
  <datafield tag="955" ind1=" " ind2=" ">
    <subfield code="b">BENT</subfield>
    <subfield code="p">3835539-9600</subfield>
    <subfield code="z">v.18:no.12(2016:Mar. 11)</subfield>
  </datafield>
  <datafield tag="955" ind1=" " ind2=" ">
    <subfield code="b">BENT</subfield>
    <subfield code="p">3835539-9610</subfield>
    <subfield code="z">v.18:no.13(2016:Mar. 18)</subfield>
  </datafield>
  <datafield tag="955" ind1=" " ind2=" ">
    <subfield code="b">BENT</subfield>
    <subfield code="p">3835539-9620</subfield>
    <subfield code="z">v.18:no.14(2016:Mar. 25)</subfield>
  </datafield>
  <datafield tag="955" ind1=" " ind2=" ">
    <subfield code="b">BENT</subfield>
    <subfield code="p">3835539-9630</subfield>
    <subfield code="z">v.18:no.15(2016:April 01)</subfield>
  </datafield>
  <datafield tag="955" ind1=" " ind2=" ">
    <subfield code="b">BENT</subfield>
    <subfield code="p">3835539-9640</subfield>
    <subfield code="z">v.18:no.16(2016:April 08)</subfield>
  </datafield>
  <datafield tag="955" ind1=" " ind2=" ">
    <subfield code="b">BENT</subfield>
    <subfield code="p">3835539-9650</subfield>
    <subfield code="z">v.18:no.17(2016:April 15)</subfield>
  </datafield>
  <datafield tag="955" ind1=" " ind2=" ">
    <subfield code="b">BENT</subfield>
    <subfield code="p">3835539-9660</subfield>
    <subfield code="z">v.18:no.18(2016:April 22)</subfield>
  </datafield>
  <datafield tag="955" ind1=" " ind2=" ">
    <subfield code="b">BENT</subfield>
    <subfield code="p">3835539-9670</subfield>
    <subfield code="z">v.18:no.19(2016:April 29)</subfield>
  </datafield>
  <datafield tag="955" ind1=" " ind2=" ">
    <subfield code="b">BENT</subfield>
    <subfield code="p">3835539-9680</subfield>
    <subfield code="z">v.18:no.20(2016:May 06)</subfield>
  </datafield>
  <datafield tag="955" ind1=" " ind2=" ">
    <subfield code="b">BENT</subfield>
    <subfield code="p">3835539-9690</subfield>
    <subfield code="z">v.18:no.21(2016:May 13)</subfield>
  </datafield>
  <datafield tag="955" ind1=" " ind2=" ">
    <subfield code="b">BENT</subfield>
    <subfield code="p">3835539-9700</subfield>
    <subfield code="z">v.18:no.22(2016:May 20)</subfield>
  </datafield>
  <datafield tag="955" ind1=" " ind2=" ">
    <subfield code="b">BENT</subfield>
    <subfield code="p">3835539-9710</subfield>
    <subfield code="z">v.18:no.23(2016:May 27)</subfield>
  </datafield>
  <datafield tag="955" ind1=" " ind2=" ">
    <subfield code="b">BENT</subfield>
    <subfield code="p">3835539-9720</subfield>
    <subfield code="z">v.18:no.24(2016:Jun. 03)</subfield>
  </datafield>
  <datafield tag="955" ind1=" " ind2=" ">
    <subfield code="b">BENT</subfield>
    <subfield code="p">3835539-9730</subfield>
    <subfield code="z">v.18:no.25(2016:Jun. 10)</subfield>
  </datafield>
  <datafield tag="955" ind1=" " ind2=" ">
    <subfield code="b">BENT</subfield>
    <subfield code="p">3835539-9740</subfield>
    <subfield code="z">v.18:no.26(2016:Jun. 17)</subfield>
  </datafield>
  <datafield tag="955" ind1=" " ind2=" ">
    <subfield code="b">BENT</subfield>
    <subfield code="p">3835539-9750</subfield>
    <subfield code="z">v.18:no.27(2016:Jun. 24)</subfield>
  </datafield>
  <datafield tag="955" ind1=" " ind2=" ">
    <subfield code="b">BENT</subfield>
    <subfield code="p">3835539-9760</subfield>
    <subfield code="z">v.18:no.28(2016:Jul. 01)</subfield>
  </datafield>
  <datafield tag="955" ind1=" " ind2=" ">
    <subfield code="b">BENT</subfield>
    <subfield code="p">3835539-9770</subfield>
    <subfield code="z">v.18:no.29(2016:Jul. 08)</subfield>
  </datafield>
  <datafield tag="955" ind1=" " ind2=" ">
    <subfield code="b">BENT</subfield>
    <subfield code="p">3835539-9780</subfield>
    <subfield code="z">v.18:no.30(2016:Jul. 15)</subfield>
  </datafield>
  <datafield tag="955" ind1=" " ind2=" ">
    <subfield code="b">BENT</subfield>
    <subfield code="p">3835539-9790</subfield>
    <subfield code="z">v.18:no.31(2016:Jul. 22)</subfield>
  </datafield>
  <datafield tag="955" ind1=" " ind2=" ">
    <subfield code="b">BENT</subfield>
    <subfield code="p">3835539-9800</subfield>
    <subfield code="z">v.18:no.32(2016:Jul. 29)</subfield>
  </datafield>
  <datafield tag="955" ind1=" " ind2=" ">
    <subfield code="b">BENT</subfield>
    <subfield code="p">3835539-9810</subfield>
    <subfield code="z">v.18:no.33(2016:Aug. 05)</subfield>
  </datafield>
  <datafield tag="955" ind1=" " ind2=" ">
    <subfield code="b">BENT</subfield>
    <subfield code="p">3835539-9820</subfield>
    <subfield code="z">v.18:no.34(2016:Aug. 12)</subfield>
  </datafield>
  <datafield tag="955" ind1=" " ind2=" ">
    <subfield code="b">BENT</subfield>
    <subfield code="p">3835539-9830</subfield>
    <subfield code="z">v.18:no.35(2016:Aug. 19)</subfield>
  </datafield>
  <datafield tag="955" ind1=" " ind2=" ">
    <subfield code="b">BENT</subfield>
    <subfield code="p">3835539-9840</subfield>
    <subfield code="z">v.18:no.36(2016:Aug. 26)</subfield>
  </datafield>
  <datafield tag="955" ind1=" " ind2=" ">
    <subfield code="b">BENT</subfield>
    <subfield code="p">3835539-9850</subfield>
    <subfield code="z">v.18:no.37(2016:Sep. 02)</subfield>
  </datafield>
  <datafield tag="955" ind1=" " ind2=" ">
    <subfield code="b">BENT</subfield>
    <subfield code="p">3835539-9860</subfield>
    <subfield code="z">v.18:no.38(2016:Sep. 09)</subfield>
  </datafield>
  <datafield tag="955" ind1=" " ind2=" ">
    <subfield code="b">BENT</subfield>
    <subfield code="p">3835539-9870</subfield>
    <subfield code="z">v.18:no.39(2016:Sep. 16)</subfield>
  </datafield>
  <datafield tag="955" ind1=" " ind2=" ">
    <subfield code="b">BENT</subfield>
    <subfield code="p">3835539-9880</subfield>
    <subfield code="z">v.18:no.40(2016:Sep. 23)</subfield>
  </datafield>
  <datafield tag="955" ind1=" " ind2=" ">
    <subfield code="b">BENT</subfield>
    <subfield code="p">3835539-9890</subfield>
    <subfield code="z">v.18:no.41(2016:Sep. 30)</subfield>
  </datafield>
  <datafield tag="955" ind1=" " ind2=" ">
    <subfield code="b">BENT</subfield>
    <subfield code="p">3835539-9900</subfield>
    <subfield code="z">v.18:no.42(2016:Oct. 07)</subfield>
  </datafield>
  <datafield tag="955" ind1=" " ind2=" ">
    <subfield code="b">BENT</subfield>
    <subfield code="p">3835539-9910</subfield>
    <subfield code="z">v.18:no.43(2016:Oct. 14)</subfield>
  </datafield>
  <datafield tag="955" ind1=" " ind2=" ">
    <subfield code="b">BENT</subfield>
    <subfield code="p">3835539-9920</subfield>
    <subfield code="z">v.18:no.44(2016:Oct. 21)</subfield>
  </datafield>
  <datafield tag="955" ind1=" " ind2=" ">
    <subfield code="b">BENT</subfield>
    <subfield code="p">3835539-9930</subfield>
    <subfield code="z">v.18:no.45(2016:Oct. 28)</subfield>
  </datafield>
  <datafield tag="955" ind1=" " ind2=" ">
    <subfield code="b">BENT</subfield>
    <subfield code="p">3835539-9940</subfield>
    <subfield code="z">v.18:no.46(2016:Nov. 04)</subfield>
  </datafield>
  <datafield tag="955" ind1=" " ind2=" ">
    <subfield code="b">BENT</subfield>
    <subfield code="p">3835539-9950</subfield>
    <subfield code="z">v.18:no.47(2016:Nov. 11)</subfield>
  </datafield>
  <datafield tag="955" ind1=" " ind2=" ">
    <subfield code="b">BENT</subfield>
    <subfield code="p">3835539-9960</subfield>
    <subfield code="z">v.18:no.48(2016:Nov. 18)</subfield>
  </datafield>
  <datafield tag="955" ind1=" " ind2=" ">
    <subfield code="b">BENT</subfield>
    <subfield code="p">3835539-9970</subfield>
    <subfield code="z">v.18:no.49(2016:Nov. 25)</subfield>
  </datafield>
  <datafield tag="955" ind1=" " ind2=" ">
    <subfield code="b">BENT</subfield>
    <subfield code="p">3835539-9980</subfield>
    <subfield code="z">v.18:no.50(2016:Dec. 02)</subfield>
  </datafield>
  <datafield tag="955" ind1=" " ind2=" ">
    <subfield code="b">BENT</subfield>
    <subfield code="p">3835539-9990</subfield>
    <subfield code="z">v.18:no.51(2016:Dec. 09)</subfield>
  </datafield>
  <datafield tag="955" ind1=" " ind2=" ">
    <subfield code="b">BENT</subfield>
    <subfield code="p">B1643528</subfield>
  </datafield>
  <datafield tag="955" ind1=" " ind2=" ">
    <subfield code="b">BENT</subfield>
    <subfield code="p">B2808277</subfield>
    <subfield code="z">v.6(2004)</subfield>
  </datafield>
  <datafield tag="955" ind1=" " ind2=" ">
    <subfield code="b">BENT</subfield>
    <subfield code="p">B2808278</subfield>
    <subfield code="z">v.7(2005)</subfield>
  </datafield>
  <datafield tag="955" ind1=" " ind2=" ">
    <subfield code="b">BENT</subfield>
    <subfield code="p">B3655893</subfield>
    <subfield code="z">v.11:no.53(2009:Dec. 25)</subfield>
  </datafield>
  <datafield tag="955" ind1=" " ind2=" ">
    <subfield code="b">BENT</subfield>
    <subfield code="p">B5517001</subfield>
    <subfield code="z">v.14:no.28(2012:Jul. 6)</subfield>
  </datafield>
  <datafield tag="955" ind1=" " ind2=" ">
    <subfield code="b">BENT</subfield>
    <subfield code="p">B5599564</subfield>
    <subfield code="z">v.14:no.36(2012:Aug. 31)</subfield>
  </datafield>
</record>
